2744 3711
1236 201 1522 244 ...20-

724 331 870 374 Dicere
898 343 1024 386 porro
1052 331 1195 375 oculos
1223 333 1370 375 nullam
1398 346 1486 376 rem
1515 345 1685 376 cernere
1713 345 1850 387 posse,

725 405 805 448 Sed
834 417 907 460 per
934 417 1007 447 eos
1037 405 1212 462 animum
1241 413 1285 450 ut
1311 405 1467 449 foribus
1495 413 1678 461 spectare
1706 406 1899 459 reclusis,

726 479 982 534 Desiperest‚
1012 486 1153 522 contra
1182 492 1274 522 cum
1302 492 1447 524 sensus
1477 481 1582 523 dicat
1609 492 1764 523 eorum.

208 557 395 599 Onussam
425 566 500 596 cur
528 553 662 596 Strato
691 554 751 596 sic
789 555 973 597 statuerit
1011 553 1132 597 tradit
1161 554 1395 597 Plutarchus
1417 555 1475 608 ¹).
1534 554 1632 596 Cum
1660 554 1873 596 Plutarcho
1902 560 1944 596 et
1972 567 2061 595 cum
2090 553 2202 596 Sexti
2231 553 2420 607 Empirici
2456 555 2540 607 illo,

207 642 326 686 quem
343 628 470 680 attuli,
499 628 590 672 loco
621 627 736 682 plane
755 628 957 671 consentit
975 627 1090 671 locus
1110 626 1317 671 Ciceronis
1336 628 1378 671 in
1397 629 1524 684 primo
1553 627 1859 683 disputationum
1884 627 2196 671 Tusculanarum
2214 627 2318 670 libro
2341 627 2400 684 2),
2421 641 2538 682 quem

203 705 339 746 locum
358 703 426 745 hic
446 701 756 744 exscribendum
775 707 887 755 puto,
916 714 996 756 quo
1016 714 1133 756 quam
1154 702 1324 744 celebris
1346 700 1468 744 fuerit
1487 703 1552 744 illa
1572 703 1768 745 sententia
1786 708 2075 759 cognoscatur:
2100 701 2213 755 „Nos
2232 703 2337 745 enim
2356 714 2408 746 ne
2428 714 2536 746 nunc

206 778 368 832 quidem
397 776 525 819 oculis
554 776 755 817 cernimus
785 788 847 828 ea,
877 788 979 828 quae
1007 776 1201 817 videmus.
1260 775 1400 830 Neque
1430 783 1494 818 est
1525 779 1630 818 enim
1659 778 1763 818 ullus
1793 789 1936 819 sensus
1964 778 2005 818 in
2035 788 2226 831 corpore;
2258 777 2329 819 sed
2354 776 2431 833 [ut
2457 789 2538 819 non

206 851 361 907 physici
390 850 520 892 solum
548 849 718 903 docent,
747 862 888 891 verum
918 850 1035 891 etiam
1065 848 1223 901 medici,
1253 849 1319 902 qui
1349 849 1423 892 ista
1452 856 1586 903 aperta
1615 857 1654 893 et
1683 851 1877 903 patefacta
1907 850 2124 903 viderunt.)
2153 850 2244 891 viae
2273 851 2387 903 quasi
2415 863 2539 904 quae—

206 925 297 967 dam
326 931 421 967 sunt
449 923 497 965 ad
526 923 690 976 oculos,
730 923 779 964 ad
809 936 952 975 aures,
992 924 1040 965 ad
1070 936 1190 965 nares
1221 935 1244 964 a
1272 923 1368 965 sede
1396 924 1514 965 animi
1543 923 1779 977 perforatae.
1838 924 1975 978 ltaque
2015 936 2136 976 saepe
2173 931 2240 966 aut
2281 924 2538 979 cogitatione,

207 1005 275 1042 aut
303 998 433 1053 aliqua
462 998 503 1038 vi
532 997 663 1038 morbi
691 996 871 1050 impediti
901 998 1048 1050 apertis
1076 1003 1194 1050 atque
1224 997 1393 1052 integris
1423 1004 1463 1041 et
1492 998 1620 1040 oculis
1650 1004 1691 1040 et
1720 999 1880 1040 auribus
1910 1011 1985 1040 nec
2014 999 2208 1051 videmus,
2238 1011 2314 1039 nec
2344 998 2540 1052 audimus,

206 1079 252 1115 ut
278 1072 396 1114 facile
423 1071 592 1125 intelligi
621 1071 768 1124 possit,
813 1072 985 1111 animum
1014 1077 1055 1113 et
1085 1071 1225 1112 videre
1254 1078 1294 1113 et
1323 1072 1484 1123 audire,
1528 1084 1608 1113 non
1638 1084 1707 1113 eas
1734 1079 1891 1125 partes,
1936 1084 2038 1126 quae
2076 1072 2190 1126 quasi
2228 1071 2429 1114 fenestrae
2458 1074 2536 1114 sint

206 1147 325 1188 animi
334 1161 346 1196 ;
379 1146 523 1199 quibus
554 1152 686 1187 tamen
716 1145 858 1187 sentiri
888 1145 983 1186 nihil
1013 1151 1132 1197 queat
1161 1158 1287 1196 mens,
1319 1146 1395 1185 nisi
1424 1145 1463 1186 id
1494 1151 1587 1199 agat
1616 1152 1657 1186 et
1687 1146 1832 1187 adsim

378 1218 466 1261 Jam
481 1224 526 1260 ut
540 1217 798 1272 intelligatur,
809 1217 904 1271 quid
919 1217 975 1259 illi
989 1218 1209 1261 sententiae
1223 1225 1394 1271 opponat
1409 1218 1626 1271 discipulus
1635 1218 1812 1272 Epicuri,
1829 1220 2042 1262 tenendum
2057 1226 2132 1270 est,
2148 1232 2198 1261 ex
2213 1220 2335 1271 ipsius
2347 1220 2533 1272 opinione

208 1294 303 1336 nihil
332 1306 499 1345 eorum,
528 1305 630 1345 quae
659 1292 912 1334 extrinsecus
943 1292 992 1333 ad
1022 1304 1170 1345 corpus
1199 1292 1407 1343 accedant,
1449 1298 1538 1333 ante
1567 1294 1718 1345 percipi
1747 1305 1867 1345 posse
1897 1299 1936 1334 et
1965 1294 2125 1343 sentiri,
2156 1305 2272 1346 quam
2303 1294 2532 1334 tenuissima

206 1367 248 1408 in
278 1378 451 1420 corpore
481 1365 633 1405 animae
662 1364 727 1406 vel
756 1366 899 1406 mentis
928 1366 1078 1406 semina
1108 1367 1187 1406 sint
1217 1366 1399 1407 excitata.
1431 1367 1515 1415 Qua
1544 1366 1702 1418 quidem
1722 1367 1772 1406 de
1801 1378 1942 1407 caussa
1971 1367 2227 1419 reprehendit
2253 1367 2537 1418 Democritum,

207 1441 273 1481 cui
304 1440 449 1481 mentis
479 1445 661 1480 naturam
691 1437 798 1479 illam
828 1438 1076 1479 subtiliorem
1106 1445 1147 1480 et
1183 1440 1339 1491 penitus
1369 1440 1409 1480 in
1440 1451 1612 1492 corpore
1649 1439 1835 1482 latentem
1865 1446 2020 1482 constat
2048 1439 2172 1481 fuisse
2211 1427 2454 1496 incognitam
2479 1440 2536 1495 ³).

207 1514 292 1556 Nec
324 1515 455 1554 minus
476 1513 617 1567 probat
647 1512 744 1573 illud
773 1512 985 1563 Stratonis,
1015 1512 1110 1552 nihil
1141 1514 1289 1565 percipi
1319 1525 1451 1565 posse,
1481 1513 1557 1554 nisi
1577 1513 1729 1553 animus
1749 1512 1797 1553 ad
1817 1525 1902 1553 rem
1922 1513 2117 1554 obiectam
2147 1514 2248 1556 adsit
2278 1514 2533 1568 intentus⁴):

728 1591 768 1628 et
797 1591 928 1627 tamen
958 1587 998 1627 in
1030 1587 1151 1627 rebus
1182 1599 1338 1639 quoque
1369 1587 1516 1638 apertis
1547 1599 1718 1627 noscere
1749 1587 1901 1639 possis,

728 1659 763 1701 si
793 1671 872 1700 non
904 1659 1089 1702 advertas
1120 1660 1313 1712 animum,
1344 1660 1512 1715 proinde
1543 1674 1634 1702 esse
1663 1662 1775 1714 quasi
1805 1661 1911 1701 omni

727 1739 907 1787 tempore
939 1741 1137 1776 semotum
1168 1734 1287 1777 fuerit
1314 1735 1515 1789 longeque
1543 1741 1754 1777 remotum.

208 1810 288 1854 Sed
319 1822 398 1852 non
428 1808 575 1863 probat
604 1806 688 1849 sola
718 1808 863 1849 mentis
892 1808 932 1849 vi
962 1809 1262 1862 perceptionem
1292 1808 1395 1849 effici
1425 1814 1492 1850 aut
1521 1820 1681 1850 sensum
1712 1808 1751 1848 in
1782 1808 1976 1850 interiore
1997 1809 2140 1850 mentis
2160 1808 2256 1850 sede
2277 1809 2387 1862 quasi
2417 1808 2538 1849 fixum

208 1896 299 1927 esse
338 1890 380 1926 et
421 1882 586 1924 retineri
609 1879 666 1935 ⁵).
726 1880 826 1921 Nam
854 1881 961 1933 quod
990 1882 1222 1934 saepissime
1261 1881 1398 1932 effert,
1444 1892 1554 1922 mens
1584 1887 1623 1923 et
1663 1882 1790 1922 anima
1821 1893 1922 1934 „per
1952 1893 2074 1923 venas
2117 1887 2158 1923 et
2186 1881 2343 1922 viscera
2374 1881 2539 1932 mixtim,

215 1972 289 2015 per
319 1969 468 1999 nervos
498 1962 617 2010 atque
646 1967 738 1996 ossa
767 1961 955 1997 tenentur
985 1968 1156 2009 corpore
1187 1957 1235 1997 ab
1266 1956 1470 2010 omni“⁶J.
1510 1955 1643 1997 Placet
1672 1955 1795 2009 igitur
1824 1954 2010 1997 Lucretio
2040 1968 2086 1997 re
2106 1956 2358 1998 extrinsecus
2389 1955 2543 1997 obiecta

213 2033 386 2074 animum
415 2031 546 2085 primo
576 2029 744 2070 excitari
773 2035 813 2070 et
840 2028 1016 2078 intendi3
1055 2029 1126 2070 sed
1156 2030 1310 2071 moveri
1338 2029 1444 2069 illico
1475 2028 1641 2068 animam
1665 2027 1709 2083 ⁷)
1747 2033 1788 2069 et
1818 2029 1956 2081 perfici
1986 2041 2148 2070 sensum
2178 2029 2218 2069 in
2250 2029 2337 2082 ipso
2368 2041 2540 2082 corpore

211 2112 254 2148 et
282 2117 332 2146 eo
361 2105 521 2158 quidem
551 2103 665 2154 loc0‚
705 2103 773 2154 qui
803 2102 930 2155 primo
960 2103 1212 2145 extrinsecus
1243 2106 1350 2144 tactu
1381 2102 1433 2142 sit
1462 2100 1641 2143 affectus.
1701 2100 1903 2143 Eiusmodi
1932 2101 2145 2143 discrimen
2175 2101 2279 2143 inter
2307 2101 2471 2155 Epicuri
2502 2108 2542 2143 et

209 2179 408 2223 Stratonis
447 2177 685 2219 sententiam
715 2175 896 2217 extitisse
940 2181 1109 2218 testatur
1138 2176 1372 2218 Plutarchus
1402 2175 1441 2215 in
1471 2173 1570 2227 plac.
1602 2175 1694 2227 phil.
1726 2175 1778 2216 lv
1808 2175 1883 2216 23:
1940 2174 2202 2229 ’Emsmv90;,
2243 2174 2317 2215 καί
2346 2176 2396 2215 τὰ
2423 2173 2538 2228 πάθη

211 2251 285 2294 καί
315 2251 389 2300 τὰς
421 2248 642 2304 αἰσθήσεις
672 2248 715 2290 ἐν
743 2254 834 2297 τοῖς
863 2247 1092 2290 πεπονθόσι
1121 2248 1279 2298 τόποις·
1310 2248 1357 2289 τό
1388 2248 1467 2302 γὰρ
1502 2245 1739 2302 ἡγεμονικὸν
1770 2246 1942 2297 ἀπαθές.
1979 2248 2202 2303 Στράτων,
2236 2247 2309 2290 καί
2338 2249 2388 2289 τὰ
2421 2247 2538 2301 πάθη

209 2327 283 2382 τῆς
314 2325 453 2379 ψυχῆς
485 2322 559 2365 καί
587 2323 662 2371 τὰς
693 2321 918 2377 αἰσθήσεις
949 2322 991 2364 ἐν
1021 2323 1078 2379 τῷ
1110 2319 1356 2379 ἡγεμονικῷ,
1388 2320 1461 2362 οὐκ
1494 2322 1535 2362 ἐν
1565 2328 1652 2371 τοῖς
1683 2323 1914 2364 πεπονθόσι
1945 2322 2109 2376 τόποις,
2142 2323 2427 2364 συνίστασθαι
2447 2322 2507 2379 ⁸).

382 2400 535 2451 Quibus
566 2399 736 2440 definitis
766 2399 843 2439 iam
873 2398 923 2439 de
951 2399 1041 2441 loco
1073 2398 1156 2453 (ΙΙΙ
1187 2396 1432 2451 359-70),
1483 2398 1587 2439 unde
1617 2397 1790 2451 digressi
1820 2410 1980 2450 sumuS,
2010 2398 2239 2440 difficillimo
2282 2399 2430 2440 certius
2461 2410 2538 2451 po·-

207 2478 305 2519 terit
331 2475 515 2518 iudicari.
575 2473 786 2514 Lucretius
814 2473 989 2514 Stratoni
1019 2473 1206 2525 opponit,
1252 2473 1286 2513 si
1324 2484 1391 2513 res
1432 2478 1597 2514 externa
1629 2472 1944 2527 (simulacrum)
1984 2474 2161 2528 tetigerit
2193 2473 2375 2525 oculum,
2420 2472 2538 2513 animi

209 2550 360 2593 semina
391 2548 494 2591 trahi
525 2553 565 2589 et
596 2546 644 2589 ad
674 2546 800 2600 ipsam
830 2546 955 2587 aciem
986 2546 1166 2597 detrudi,
1195 2558 1274 2599 quo
1304 2558 1394 2597 res,
1425 2546 1551 2598 qualis
1582 2546 1653 2597 sit,
1684 2551 1895 2587 cernatur:

725 2633 869 2664 sensus
899 2620 1004 2662 enim
1034 2619 1152 2661 trahit
1184 2625 1302 2672 atque
1329 2620 1435 2660 acies
1466 2620 1640 2662 detrudit
1669 2620 1716 2660 ad
1747 2621 1850 2671 ipsas
1872 2619 1942 2673 9);

371 2779 399 2821 ¹)
412 2780 466 2812 De
482 2779 597 2811 solert.
612 2779 712 2810 anim.
729 2777 751 2810 3
770 2775 819 2820 (p.
841 2774 928 2818 141)
945 2777 989 2809 cf.
1005 2776 1204 2809 Nauwerck.
1220 2778 1261 2809 de
1276 2777 1430 2809 Stratone
1444 2777 1688 2819 Lampsaceno.
1705 2788 1738 2819 p.
1761 2772 1815 2808 14.
1842 2794 1889 2799 —
1912 2775 1943 2818 ²)
1968 2777 1984 2808 Ι
2002 2776 2058 2817 20,
2075 2772 2134 2809 46.
2157 2794 2204 2800 —
2239 2776 2268 2818 3)
2296 2776 2374 2810 Vid.
2390 2788 2492 2820 supra
2506 2789 2539 2820 p.

370 2840 427 2874 19.
457 2855 506 2861 —
531 2834 565 2882 ⁴⁸)
593 2839 729 2871 Lucret.
755 2837 808 2871 1v
836 2836 1025 2871 805—13.
1043 2854 1089 2860 --
1116 2835 1146 2878 ⁵)
1174 2837 1267 2871 Alia·
1285 2844 1332 2870 est
1361 2838 1446 2869 ratio
1473 2838 1689 2880 percipiendi,
1718 2838 1744 2869 si
1770 2837 1966 2869 tenuissima
1994 2837 2174 2871 simulacra
2200 2846 2261 2880 per
2288 2847 2364 2869 rara
2390 2838 2540 2880 corporis

364 2900 534 2933 foramina
560 2900 604 2931 ad
629 2899 778 2931 animum
804 2899 915 2941 ipsum
942 2904 1117 2940 permeant
1143 2904 1175 2930 ct
1201 2898 1236 2930 in
1263 2897 1327 2930 hoc
1355 2897 1427 2931 solo
1455 2907 1589 2930 sensum
1613 2897 1792 2930 lacessunt.
1833 2897 1886 2930 IV
1916 2896 1987 2930 720
2018 2907 2088 2940 sqq.
2118 2912 2166 2919 -—
2195 2890 2225 2938 ὁ)
2253 2897 2309 2930 111
2337 2893 2422 2932 564.
2452 2897 2537 2931 632.

367 2959 453 2994 681.
483 2959 569 2994 685.
607 2975 653 2981 —
692 2957 724 2999 ⁷)
758 2958 816 2991 111
844 2954 1033 2991 245—52.
1063 2957 1251 2991 269-73.
1289 2974 1335 2980 —
1372 2951 1404 2999 8)
1441 2957 1640 2990 Nauwerck.
1670 2958 1693 2989 1.
1723 2958 1746 2989 1.
1774 2967 1807 3000 p.
1842 2957 1898 2990 15.
1941 2974 1982 2979 —
2020 2951 2052 2999 9)
2089 2956 2187 2989 Hunc
2213 2967 2346 2989 versum
2382 2955 2489 2998 (362)
2518 2968 2539 2989 a

365 3020 585 3054 Lachmanno
619 3024 696 3062 post
721 3029 753 3051 v.
791 3017 865 3053 363
900 3019 1046 3060 positum
1079 3024 1112 3049 et
1146 3018 1273 3049 ratione
1306 3018 1445 3049 nimium
1480 3019 1632 3059 quaesitu.
1667 3017 1870 3059 explicatum
1897 3017 2103 3058 Bemaysius
2142 3023 2178 3048 ut
2207 3019 2356 3059 spurium
2402 3019 2539 3050 notavit.

368 3080 553 3114 Goebelius
588 3079 613 3115 1.
640 3079 664 3111 l.
702 3089 736 3121 p.
772 3076 821 3111 33
857 3079 1048 3121 superiores
1083 3079 1279 3119 interpretes
1314 3077 1512 3109 Turnebum
1547 3083 1579 3109 et
1614 3077 1874 3110 Wakefieldium
1909 3082 2041 3108 secutus
2076 3087 2209 3109 versum
2254 3084 2343 3109 recte
2378 3076 2535 3109 defendit.

366 3139 580 3175 Wakefieldii
606 3138 836 3182 interpretatio
863 3138 948 3170 haec
975 3143 1042 3170 est:
1099 3136 1269 3178 „Sensus,
1297 3148 1394 3179 quem
1421 3137 1547 3169 habent
1573 3137 1661 3169 oculi
1688 3137 1788 3169 rebus
1816 3137 1959 3169 externis
1987 3138 2147 3178 percussi,
2175 3142 2290 3169 evocat
2318 3138 2463 3169 animum
2490 3139 2532 3169 ad

368 3209 483 3232 eorum
509 3199 609 3240 acies,
635 3199 683 3231 ita
706 3203 745 3230 ut
769 3197 969 3230 consociatis
996 3197 1097 3229 animi
1123 3204 1155 3229 et
1183 3197 1271 3229 oculi
1298 3197 1517 3239 potestatibus
1543 3197 1675 3229 videndi
1701 3196 1847 3229 facultas
1876 3194 2079 3228 exoriatur.‘²
