2744 3711
1221 261 1507 303 -21—

201 394 276 436 Cui
302 393 447 436 rationi
474 392 681 448 subiungit
708 391 935 446 exemplum
974 392 1028 435 de
1054 402 1228 446 corpore
1255 396 1413 437 mortuo
1440 396 1663 445 summum,
1705 390 1813 445 quod
1842 389 1894 434 ad
1931 389 2083 434 anitiae
2111 390 2310 445 animique
2337 396 2517 433 naturam

200 473 428 511 contextam
456 473 519 509 est
555 466 808 508 referendum
834 466 889 521 ¹).
947 466 1046 508 Tum
1083 466 1436 519 corpusculorum,
1472 466 1620 518 quibua
1636 515 1638 518 ,
1654 466 1785 508 anima
1818 465 2038 518 comoda
2071 467 2145 517 sit,
2184 477 2337 519 genere
2372 465 2520 518 triplici
2576 481 2578 483 ’

201 553 323 583 aurae
351 540 497 582 caloris
526 541 632 582 aeris
661 540 846 582 distincto
876 541 1094 601 revertitur
1115 540 1167 583 ad
1195 540 1339 584 means
1365 545 1547 585 umnam
1571 538 1831 583 definiendam
1852 540 1912 593 ²)-
1942 537 2050 581 lllius
2077 549 2224 592 corpus
2243 539 2330 581 vult
2357 538 2520 580 nomine

200 616 362 657 omnino
390 625 556 662 vacare;
587 625 662 654 nec
690 625 782 654 esse
811 613 876 654 illa
906 619 1049 655 natura
1076 614 1260 656 mobilius
1287 614 1496 666 quicquan
1524 624 1602 654 nec
1628 613 1807 661 tenuium
1850 612 1956 656 itt-m
1984 612 2112 664 primo
2140 612 2306 662 conciri,
2333 617 2419 653 tum
2447 623 2518 653 re·

200 688 308 741 liqna
335 686 491 728 moveri
518 697 759 739 sensumque
787 686 918 728 creari
946 686 986 727 in
1016 686 1115 739 ipsis
1142 687 1327 740 corporis
1353 685 1521 730 artubus
1528 697 1541 735 ς
1569 684 1636 726 illa
1665 685 1700 726 si
1729 683 1921 728 labefacta
1950 686 2016 737 sit,
2046 697 2126 727 non
2146 696 2265 738 posse
2282 697 2363 727 non
2386 685 2519 727 omnia

200 760 426 814 perturbari
463 759 561 802 adeo
597 766 642 802 ut
670 760 735 807 vel
764 760 868 802 vitae
895 759 1116 813 periculum
1144 761 1347 804 uu'nitetur
1368 759 1425 816 ³).
1484 760 1663 813 Denique
1700 770 1792 802 cum
1827 761 1981 802 animae
2018 765 2061 802 et
2098 759 2242 802 mentis
2277 759 2514 812 corpuscula

201 834 323 876 mixta
363 833 467 875 inter
495 845 541 875 se
579 844 701 875 unum
730 842 878 887 corpus
907 831 1069 875 efficere
1097 833 1218 886 velit,
1257 839 1387 876 tamen
1424 839 1597 876 mentem
1635 833 1845 889 distinguit
1881 838 1927 877 ut
1954 833 2035 876 vim
2073 833 2232 887 penitus
2261 833 2301 875 in
2330 833 2517 876 membris

198 907 382 949 latentem
412 912 455 948 et
491 907 613 949 totius
642 907 795 949 animae
823 908 935 961 quasi
972 908 1139 950 animam
1173 914 1215 951 et
1253 914 1339 951 toto
1367 920 1539 962 corpore
1566 908 1833 952 dominantem
1850 907 1923 964 l*):

718 996 777 1035 sic
807 994 878 1036 tibi
907 994 1077 1036 nominis
1106 995 1205 1037 haec
1232 1006 1382 1052 expers
1409 995 1482 1045 vis,
1512 993 1613 1035 facta
1642 994 1803 1035 minutis

717 1068 967 1120 corporibus,
994 1068 1092 1109 latet
1119 1074 1240 1121 atque
1270 1069 1420 1108 animae
1449 1069 1562 1121 quasi
1591 1069 1712 1110 totius
1740 1069 1824 1120 ipsa

718 1147 956 1194 proporrost
985 1141 1113 1182 anima
1141 1147 1182 1183 et
1210 1141 1433 1183 dominatur
1462 1153 1633 1194 corpore
1663 1148 1759 1184 toto.

201 1224 408 1266 Postremo
428 1235 479 1264 ex
499 1223 656 1264 diversa
676 1225 845 1275 partium
862 1225 1018 1266 illarum
1040 1226 1327 1278 temperatione
1345 1227 1479 1268 enasci
1497 1226 1615 1267 docet
1633 1227 1853 1267 animalium
1872 1226 2153 1278 bominumque
2171 1236 2306 1266 mores
2324 1225 2518 1266 diversos.

201 1298 334 1350 Atque
362 1297 543 1338 homines
560 1297 718 1349 quidem
748 1310 821 1350 pro
845 1300 1141 1351 temperationis
1156 1300 1349 1341 varietate
1376 1300 1473 1341 alios
1501 1300 1588 1341 aliis
1617 1299 1889 1341 affectionibus
1919 1299 2045 1353 mag-is
2074 1297 2168 1340 esse
2196 1294 2413 1347 obnoxios;
2443 1310 2518 1339 nec

202 1382 321 1424 posse
349 1382 451 1423 quae
480 1371 527 1411 ab
557 1371 641 1424 ipsa
670 1377 810 1414 natura
839 1372 928 1414 data
957 1372 1164 1414 sint'mala
1193 1379 1234 1414 et
1262 1373 1401 1415 vitiosa
1430 1373 1621 1416 radicitus
1662 1384 1830 1426 unquam
1858 1385 1909 1414 ex
1940 1372 2080 1415 animis
2109 1369 2256 1426 expelli
2265 1385 2278 1421 ;
2322 1379 2363 1414 at
2391 1371 2515 1413 minui

201 1451 332 1486 tamen
361 1445 426 1486 illa
456 1445 735 1498 emendarique
765 1446 947 1487 doctrina
977 1452 1017 1487 et
1055 1448 1209 1488 ratione
1237 1447 1337 1488 adeo
1367 1453 1409 1488 ut
1436 1447 1593 1500 quidam
1631 1447 1809 1488 homines
1837 1446 1885 1486 ad
1929 1459 2084 1487 morum
2113 1446 2307 1499 quendam
2337 1457 2515 1487 consen-

201 1530 289 1559 sum
317 1518 512 1559 ducantur
540 1523 590 1559 et‘
608 1519 756 1572 singuli
786 1520 903 1560 vitam
933 1519 1102 1573 degant,
1131 1531 1234 1572 quae
1263 1531 1354 1560 cum
1382 1520 1468 1561 deis
1497 1520 1623 1573 possit
1652 1520 1873 1573 comparari
1897 1519 1962 1575 ⁵J:

715 1608 757 1644 ut
788 1603 841 1643 nil
870 1604 1044 1656 inpediat
1073 1604 1234 1659 dignam
1263 1605 1323 1645 dis
1353 1605 1503 1659 degere
1531 1605 1664 1648 vitam.

373 1686 571 1739 Alteram,
612 1699 726 1740 quam
756 1699 875 1740 supra
905 1688 1089 1740 distinxi,
1127 1689 1428 1741 disputationem
1457 1688 1527 1743 (v.
1557 1687 1814 1742 323-417)
1845 1688 2053 1729 Lucretius
2085 1688 2240 1729 orditur
2271 1688 2319 1728 ab
2355 1699 2433 1739 eo,
2471 1693 2516 1728 ut

201 1759 354 1800 animae
384 1760 603 1813 mentisque
633 1771 750 1800 unam
778 1760 882 1801 illam
913 1767 953 1803 et
982 1766 1207 1803 contextam
1237 1769 1415 1804 naturam
1445 1762 1548 1804 dicat
1587 1769 1668 1805 tum
1709 1763 1756 1803 ab
1785 1763 1891 1803 omni
1921 1774 2091 1814 corpore
2130 1762 2282 1811 teneri,
2323 1767 2405 1803 tum
2442 1760 2518 1812 ipsi

201 1834 362 1887 corpori
391 1835 595 1876 custodem
625 1847 716 1876 esse
745 1841 785 1876 et
817 1847 997 1876 caussam
1035 1836 1170 1877 salutis
1184 1835 1241 1891 ⁶).
1301 1837 1399 1878 Finit
1429 1842 1561 1877 autem
1596 1837 1979 1890 argumentationem
2019 1835 2247 1888 repetendis
2285 1835 2367 1885 eis,
2412 1847 2512 1887 quae

201 1914 316 1951 antea
347 1908 459 1960 dixit,
488 1908 628 1949 mentis
658 1909 736 1949 vim
768 1909 1095 1951 dominantiorem
1125 1923 1216 1951 esse
1247 1923 1361 1964 quam
1391 1912 1557 1951 animam
1590 1909 1657 1966 ⁷):

717 1993 767 2035 Et
796 1994 922 2047 magis
953 2001 1014 2036 est
1043 1995 1194 2036 animus
1225 1995 1317 2037 vitai
1344 1994 1515 2036 claustra
1544 2000 1737 2037 coercens

713 2073 752 2110 et
781 2068 1044 2110 dominantior
1073 2069 1120 2110 ad
1151 2069 1270 2109 vitam
1300 2081 1416 2123 quam
1446 2070 1507 2110 vis
1537 2070 1689 2110 animai.

198 2151 297 2194 Item
335 2153 492 2206 repetit,
530 2165 630 2207 quae
667 2165 787 2206 supra
817 2154 1000 2206 opposuit
1030 2154 1310 2207 Pythagoreis,
1349 2167 1490 2207 magna
1529 2156 1645 2197 etiam
1684 2155 1865 2207 corporis
1892 2155 1979 2195 sive
2017 2154 2169 2194 animae
2198 2159 2309 2206 parte
2349 2153 2507 2205 dempta

197 2227 340 2268 mentis
370 2229 409 2268 vi
440 2228 545 2268 vitae
575 2227 740 2270 salutem
770 2228 809 2268 in
839 2228 1026 2269 membris
1057 2228 1221 2268 servari.
1282 2227 1389 2268 Hanc
1418 2241 1518 2269 vero
1548 2229 1783 2270 sententiam
1813 2234 1857 2269 ut
1885 2228 2010 2281 magis
2039 2227 2235 2277 illustret,
2265 2227 2341 2266 iam
2370 2238 2513 2266 exem-

197 2300 303 2353 plum
333 2300 491 2341 adhibet
520 2301 765 2353 praeclarum
795 2301 844 2341 de
874 2301 978 2342 oculi
1009 2301 1094 2341 acie
1124 2301 1327 2341 cernendi.
1386 2301 1493 2340 Illam
1522 2303 1562 2342 in
1592 2302 1737 2355 pupula
1765 2303 1891 2352 sitam,
1921 2301 2037 2342 etiam
2067 2301 2100 2341 si
2131 2299 2269 2340 oculus
2299 2299 2512 2350 laceretur,

196 2373 316 2414 modo
336 2385 388 2416 ne
417 2373 524 2415 orbis
554 2380 833 2426 corrumpatur
862 2380 983 2426 totus,
1014 2373 1053 2415 vi
1082 2387 1153 2415 sua
1182 2375 1322 2428 vigere
1349 2374 1557 2423 incolumi3
1588 2377 1655 2416 ubi
1675 2388 1772 2416 vero
1803 2378 1885 2427 ipsa
1916 2375 2059 2426 pupula
2088 2374 2276 2423 laedatur,
2308 2372 2507 2424 extemplo

196 2446 330 2488 lumen
360 2459 476 2488 omne
506 2447 692 2488 occidere
715 2447 781 2501 ⁸J:

716 2537 778 2582 ut,
809 2532 983 2572 lacerato
1014 2531 1131 2572 oculo
1162 2532 1311 2572 circum
1342 2532 1374 2571 si
1404 2532 1549 2583 pupula
1577 2534 1721 2574 mansit

710 2605 944 2656 incolumis,
975 2610 1054 2647 stat
1084 2605 1276 2646 cernundi
1306 2605 1434 2646 vivata
1465 2613 1652 2658 potestas,

712 2680 803 2721 dum
835 2679 950 2721 modo
981 2692 1031 2719 ne
1062 2685 1186 2720 totum
1217 2691 1448 2731 corrumpas
1479 2679 1637 2720 luminis
1670 2681 1829 2730 orbem,

710 2760 750 2795 et
780 2754 929 2795 circum
960 2753 1101 2794 caedas
1131 2753 1256 2794 aciem
1286 2753 1489 2805 solamque
1519 2754 1736 2805 relinquas:

352 2960 380 3006 ¹)
418 2966 476 2999 111
503 2965 691 3000 208—31.
728 2984 774 2990 -
811 2961 841 3007 ²)
869 2978 900 2998 v.
930 2966 1117 3000 231—38.
1157 2983 1203 2990 —
1241 2964 1271 3007 3)
1299 2978 1330 3000 v.
1359 2966 1544 3000 238—58.
1583 2983 1626 2988 -
1663 2964 1696 3006 4)
1736 2975 1767 2996 v.
1798 2964 1984 2997 258—82.
2023 2978 2069 2985 —
2099 2961 2188 3004 ⁵)⁴v.
2219 2962 2432 2997 282-323.
2466 2980 2511 2986 —

349 3018 381 3066 ὁ)
409 3034 440 3057 v.
468 3024 542 3060 323
572 3037 620 3069 sq.
658 3043 706 3050 —-
736 3026 764 3067 7)
793 3038 822 3061 v,
850 3025 924 3061 396
953 3037 1001 3069 sq.
1041 3045 1087 3051 —
1123 3020 1155 3068 ὃ)
1182 3037 1212 3059 ν.
1242 3022 1429 3061 408—17.
1481 3027 1608 3059 Versus
1636 3021 1709 3058 412
1736 3031 1769 3057 et
1794 3021 1886 3065 415,
1913 3026 1968 3066 qui
1994 3025 2090 3056 uncis
2119 3031 2196 3056 sunt
2221 3024 2362 3065 inclusi,
2393 3024 2510 3056 Lach-

349 3093 491 3117 mannus
516 3091 549 3119 et
573 3087 780 3129 Bernaysius
807 3088 939 3130 spurios
965 3096 1038 3119 esse
1064 3087 1264 3120 iudicarunt.
1293 3072 1518 3120 Posterior-em
1543 3096 1676 3119 versum
1701 3085 1891 3128 nuperrime
1918 3083 2103 3118 Goebelius
2128 3095 2205 3118 meo
2230 3086 2363 3126 quidem
2389 3085 2512 3117 iudicio

348 3135 540 3177 felicissime
566 3148 752 3179 emendavit
779 3148 953 3179 scribendo
979 3145 1190 3189 „linquatur“
1216 3148 1282 3189 pro'
1304 3146 1480 3188 „ali0qni“.
1515 3147 1628 3179 Minus
1654 3145 1760 3189 probo
1786 3145 1873 3188 quod
1899 3145 1987 3177 idem
2001 3145 2170 3178 vindicare
2186 3144 2340 3177 Lucretio
2367 3149 2509 3177 conatus

348 3208 399 3234 est
432 3214 565 3237 versum
592 3203 685 3247 412,
711 3208 745 3238 in
772 3217 838 3249 quo
863 3217 930 3239 non
956 3208 1051 3239 video
1079 3207 1236 3248 „eornm“
1263 3209 1305 3240 ad
1332 3208 1565 3251 praecedentia.
1590 3217 1690 3249 posse
1717 3205 1843 3239 referri.
1887 3205 1942 3239 Cf.
1972 3205 2114 3239 Goebel.
2143 3204 2331 3239 Observa-tt.
2359 3204 2511 3238 Lucrett.

347 3263 398 3295 ed.
427 3264 567 3297 Bonnae
599 3264 692 3300 1854
722 3278 754 3309 p.
786 3267 833 3301 29
862 3278 911 3309 sq.
1037 3256 1039 3259 .
