2744 3711
1231 245 1512 288 „24-

726 379 835 420 inter
864 378 970 419 enim
999 382 1164 420 cursant
1190 377 1408 430 primordia
1435 376 1720 430 principiorum

730 443 904 487 motibus
931 445 1038 488 iuter
1065 456 1126 496 se,
1155 444 1213 486 nil
1237 449 1283 486 ut
1311 444 1517 486 secermer
1537 455 1668 492 >mum

726 512 853 566 possit
879 523 956 554 nec
985 513 1111 566 spatio
1140 511 1230 555 fleri
1257 511 1386 554 divisa
1410 517 1603 567 potestas,

731 581 803 622 sed
831 582 946 634 quasi
973 582 1122 622 multae
1149 580 1212 622 vis
1241 580 1359 622 unius
1388 579 1572 633 corporis
1599 585 1748 621 extant.

382 654 491 696 Haec
519 654 643 710 igitur
672 654 773 696 ratio
803 654 919 708 plane
956 665 1138 708 congrua
1165 659 1228 696 est
1265 652 1358 695 libri
1385 653 1554 695 secundi
1591 652 1649 694 illi
1686 652 1780 694 loco
1808 652 1876 708 ²),
1913 664 1993 706 quo
2020 653 2232 696 Lucretius
2270 664 2432 696 sensum
2470 665 2542 707 per

211 728 372 770 diversa
401 730 587 782 corporis
615 728 793 770 membra
834 716 1023 769 diffusum
1051 740 1210 769 omnem
1247 726 1297 768 ad
1333 726 1507 768 foederis
1545 733 1585 768 et
1622 727 1926 769 convenientiae
1953 727 2033 768 vim
2070 732 2247 769 revocat.
2306 727 2431 776 Quam
2460 726 2542 768 vim

211 802 330 844 etiam
359 803 507 845 clarius
537 803 683 844 indicat
711 802 771 843 eis
801 802 1002 852 versibus,
1031 801 1174 853 quibus
1202 801 1355 841 animae
1382 800 1710 854 compositionem
1739 800 1930 843 describit
1952 798 2021 855 ²J:

732 874 928 916 consimili
957 874 1113 916 ratione
1141 880 1348 915 necessest
1376 878 1523 914 ventus
1552 879 1593 915 et
1620 877 1690 914 aer

731 948 773 984 et
802 942 911 983 calor
941 942 1046 984 inter
1075 954 1121 983 se
1150 942 1312 996 vigeant
1341 941 1553 982 commixta
1583 952 1655 994 per
1685 947 1810 992 artus,

730 1015 852 1063 atque
883 1010 969 1051 aliis
999 1010 1104 1051 aliud
1133 1010 1260 1051 subsit
1290 1010 1415 1063 magis
1441 1010 1712 1062 eminentque,

732 1083 779 1119 ut
808 1078 992 1131 quiddam
1020 1077 1108 1119 fieri
1137 1077 1319 1119 videatur
1348 1077 1396 1117 ab
1426 1077 1607 1118 omnibus
1635 1089 1778 1126 unum,

735 1157 786 1187 ne
817 1145 927 1188 calor
956 1158 1002 1187 ac
1031 1151 1176 1188 ventus
1205 1157 1390 1187 seorsum
1419 1157 1683 1198 seorsumque
1711 1150 1887 1197 potestas

732 1215 837 1256 aeris
866 1214 1104 1257 interemant
1132 1226 1295 1256 sensum
1323 1213 1561 1265 diductaque
1589 1213 1758 1255 solvant.

215 1289 326 1337 Quae
357 1286 657 1341 compositionis
685 1287 787 1329 ratio
817 1287 913 1329 nihil
941 1286 1072 1329 differt
1101 1287 1150 1328 ab
1179 1287 1256 1336 illa,
1287 1299 1363 1339 qua
1392 1293 1549 1328 ceterae
1578 1299 1645 1327 res
1676 1286 2008 1327 naturaeomnes
2039 1292 2225 1327 tenentur
2248 1285 2305 1340 ³).

388 1360 729 1411 Quemadmodum
759 1367 891 1403 autem
921 1362 1048 1403 anima
1078 1372 1169 1402 cum
1199 1366 1354 1412 mente,
1392 1360 1445 1401 ita
1481 1365 1650 1413 utraque
1688 1372 1779 1413 pars
1810 1360 2021 1402 coniuncta
2058 1367 2118 1402 est
2147 1373 2238 1401 cum
2268 1373 2461 1413 corpore,
2501 1366 2545 1401 ut
2583 1367 2590 1377 '

212 1436 385 1478 bominis
415 1442 558 1477 natura
586 1436 754 1478 exsistat
782 1448 927 1476 revera
957 1448 1047 1486 una,
1078 1435 1193 1475 cuius
1224 1441 1356 1487 partes
1375 1436 1626 1487 quantumvis
1645 1439 1845 1486 potestate
1874 1435 1979 1475 inter
2007 1446 2053 1475 se
2072 1434 2271 1484 diversae,
2300 1440 2430 1475 tamen
2459 1433 2546 1473 sine

213 1508 336 1551 totius
364 1515 531 1551 naturae
567 1508 746 1561 pernicie
774 1508 908 1549 divelli
939 1520 1019 1550 non
1049 1514 1228 1560 possunt.
1287 1507 1436 1561 ltaque,
1479 1519 1594 1560 quam
1625 1507 1864 1549 Aristoteles
1901 1508 1942 1548 in
1971 1507 2313 1561 Pythagoreorum
2343 1506 2546 1547 harmonia

215 1582 434 1623 refellenda
463 1582 637 1635 relinqui
666 1582 821 1624 viderat
850 1581 1139 1635 quaestionem,
1167 1593 1242 1621 cur
1270 1592 1442 1634 corpore
1470 1587 1660 1634 corrupto
1690 1581 1818 1622 anima
1849 1587 2121 1631 evanesceret,
2151 1581 2217 1622 illa
2236 1586 2366 1622 autem
2394 1580 2547 1623 sublata

215 1668 364 1708 corpus
405 1662 682 1708 putresceret,
720 1655 885 1696 eandem
914 1655 1112 1707 Epicurus
1150 1655 1262 1707 quasi
1298 1654 1551 1707 principalem
1590 1655 1787 1696 tractavit.
1849 1653 1958 1695 lllam
1989 1666 2079 1694 cum
2109 1654 2348 1696 Aristoteles
2378 1654 2431 1695 ita
2460 1653 2546 1696 sol-

215 1730 365 1781 visset,
404 1735 447 1770 ut
477 1729 645 1769 animam
684 1741 774 1769 cum
803 1741 974 1781 corpore
1004 1728 1222 1769 cohaerere
1251 1729 1447 1770 artissime
1476 1741 1549 1769 nee
1580 1741 1753 1781 unquam
1782 1714 1993 1783 se'gregari
2022 1728 2069 1768 ab
2107 1740 2155 1769 eo
2195 1739 2336 1781 posse,
2376 1734 2547 1770 mentem

217 1814 317 1843 vero
356 1814 495 1854 puram
534 1803 787 1843 extrinsecus
824 1802 982 1855 ingredi
1022 1803 1060 1841 in
1099 1813 1247 1853 corpus
1276 1808 1314 1843 et
1350 1809 1480 1843 morte
1519 1802 1726 1842 discedere
1765 1803 1812 1841 ab
1853 1813 1911 1845 eo.
1929 1802 2153 1843 incolumen
2187 1807 2404 1853 statueret,
2448 1801 2547 1855 Epi-

217 1888 340 1917 curus
370 1883 542 1917 mentem
572 1876 699 1928 ipsam
728 1876 869 1917 eodem
899 1876 1012 1927 quasi
1041 1875 1120 1916 sato
1152 1889 1241 1915 cum
1273 1876 1399 1915 anima
1429 1883 1545 1928 atque
1575 1888 1747 1927 corpore
1771 1876 2018 1918 consociavit
2047 1882 2087 1917 et
2116 1888 2193 1915 una
2216 1888 2305 1915 cum
2334 1875 2410 1916 illis
2440 1877 2549 1916 nasci

216 1955 257 1991 et
286 1949 454 1991 interire
484 1948 665 1990 decrevit
684 1947 746 2003 ¹⁴).
804 1949 866 1989 Ex
894 1948 1131 1990 Lucretiana
1161 1947 1426 2000 disputatione
1455 1949 1527 1989 hos
1557 1961 1707 2001 paucos
1738 1961 1881 1990 versus
1912 1949 2101 1991 exhibeo:

739 2022 800 2065 Ex
830 2023 993 2064 ineunte
1022 2035 1121 2063 aevo
1152 2024 1210 2062 sic
1240 2024 1422 2074 corporis
1450 2029 1567 2074 atque
1596 2023 1737 2063 animai

738 2093 872 2129 mutua
901 2087 1032 2129 vitalis
1062 2087 1220 2129 discunt
1250 2090 1433 2143 contagia
1462 2096 1607 2140 motuS‚

736 2155 929 2195 maternis
959 2156 1076 2196 etiam
1107 2155 1295 2196 membris
1325 2156 1495 2209 alvoque
1523 2163 1704 2209 reposta,

735 2223 944 2264 discidium
974 2229 1017 2264 ut
1046 2230 1215 2276 nequeat
1245 2224 1331 2265 fieri
1360 2225 1447 2266 sine
1477 2232 1587 2277 peste
1618 2226 1811 2278 maloque.

217 2296 412 2346 Quoniam
429 2309 527 2338 vero
547 2296 666 2337 animi
685 2297 747 2337 vis
762 2308 841 2337 una
859 2309 949 2337 cum
968 2308 1140 2349 corpore
1157 2299 1333 2339 nascitur
1347 2305 1388 2340 et
1407 2311 1608 2340 consensu
1627 2299 1797 2353 quodam
1816 2299 1984 2352 partium
2003 2298 2410 2351 convenientibusque
2427 2298 2549 2339 moti-

217 2370 291 2412 bus
320 2375 497 2422 creatur,
526 2370 722 2423 sequitur,
747 2375 791 2411 ut
809 2382 953 2412 sensus
976 2370 1025 2411 'ad
1053 2376 1175 2412 totam
1200 2379 1379 2413 naturam
1409 2374 1604 2425 pertineat
1633 2374 1843 2426 ipsumque
1863 2384 2010 2425 corpus
2041 2384 2162 2413 sensu
2188 2371 2410 2425 praeditum
2429 2371 2481 2411 sit
2492 2370 2550 2425 ⁵).

377 2480 405 2522 ²)
433 2481 568 2512 Lucret.
584 2480 633 2512 11.
645 2491 676 2512 v.
693 2475 870 2513 902—24
889 2481 956 2512 vid.
973 2490 1078 2523 supra
1093 2491 1127 2524 p.
1148 2481 1204 2514 17.
1223 2499 1271 2504 —
1289 2476 1318 2523 2)
1333 2482 1401 2515 111.
1428 2494 1458 2516 v.
1477 2482 1664 2517 282—88.
1686 2500 1732 2507 -
1752 2482 1783 2524 3)
1811 2484 1829 2515 Ι
1858 2481 2052 2523 759-63;
2084 2482 2270 2516 778-82.
2298 2482 2364 2515 vid.
2392 2492 2495 2524 supra
2517 2491 2550 2524 p.

375 2533 537 2580 16.—¹⁴)
551 2539 631 2572 vid.
659 2539 825 2582 Diogenis
849 2539 962 2573 locum
989 2538 1039 2581 (X
1067 2538 1130 2581 65)
1157 2552 1256 2583 quem
1285 2552 1386 2585 supra
1413 2544 1549 2575 exhibui
1577 2554 1610 2585 p.
1643 2543 1699 2576 13.
1736 2544 1872 2576 Lucret.
1899 2544 1957 2576 111
1984 2542 2172 2576 323—50.
2202 2542 2256 2575 Cf.
2288 2538 2474 2575 546—78.
2505 2558 2547 2564 -—·

372 2598 404 2640 ⁵)
430 2598 565 2633 Lucret.
581 2596 843 2633 111350—59.
875 2599 967 2631 Loco
993 2608 1092 2641 quem
1119 2610 1221 2643 supra
1248 2601 1343 2634 attuli
1370 2612 1413 2634 ex
1438 2601 1591 2643 Diogene
1605 2602 1740 2635 Laertio
1755 2601 1804 2645 (p.
1821 2602 1870 2636 20
1884 2604 1960 2634 adn.
1976 2602 2016 2644 3)
2046 2603 2113 2634 iam
2140 2602 2279 2644 reliqua,
2307 2612 2484 2643 quaecum
2511 2611 2551 2633 eo

372 2668 527 2691 connexa,
552 2663 640 2698 sunt,
666 2658 765 2698 addo,
802 2663 840 2690 ut
864 2668 966 2700 quam
992 2661 1217 2691 necessariam
1244 2662 1395 2703 corporis
1421 2667 1454 2693 et
1481 2662 1582 2694 animi
1609 2662 1864 2695 consensionem
1891 2660 2040 2695 effecerit
2066 2662 2236 2705 Epicurus
2263 2662 2370 2705 possit
2395 2660 2550 2702 intelligi.

372 2717 476 2760 Diog.
503 2717 545 2751 L.
573 2717 608 2751 X
630 2712 697 2752 64:
741 2713 802 2750 διὸ
831 2714 887 2758 (ιά
911 2717 1044 2750 λοιπὸν
1070 2716 1259 2763 ἄθροισμα
1286 2720 1306 2752 i.
1337 2731 1367 2753 e.
1395 2720 1533 2761 corpus)
1561 2717 1824 2765 ἀπαλλαγείσης
1851 2723 1909 2761 τῆς
1935 2723 2050 2765 ψυχῆς
2077 2719 2142 2754 οὐκ
2168 2720 2243 2765 ἔχει
2269 2722 2331 2762 τήν
2357 2721 2550 2761 αἴσθησιν·

372 2775 415 2809 οὐ
439 2777 510 2823 γὰρ
537 2774 622 2809 αὐτὸ
648 2775 689 2810 ἐν
716 2773 827 2822 ἑαυιῷ
851 2773 977 2819 ταύτην
1011 2775 1165 2820 ἐκέκτητο
1201 2778 1262 2821 τὴν
1297 2776 1477 2824 δύναμιν,
1515 2778 1588 2813 ἀλλ’
1626 2777 1732 2824 ἑτέρῳ
1766 2778 1843 2825 ἅμα
1876 2784 2271 2826 συγγεγενημένῳ
2305 2781 2397 2823 αὐτῷ
2433 2789 2551 2823 παρε-

372 2836 570 2874 σκεύαζεν,
606 2834 628 2868 δ
655 2835 721 2868 dm?
747 2839 805 2876 τῆς
832 2837 1123 2877 συντελεσθείσης
1156 2839 1239 2881 περὶ
1268 2836 1352 2870 αὐτὸ
1380 2835 1572 2883 δυνάμεως
1598 2840 1686 2871 κατὰ
1713 2840 1774 2881 τὴν
1800 2841 1942 2882 κίνησιν
1969 2837 2175 2885 σύμπτωμα
2203 2840 2415 2881 αἰσθητικόν
2441 2836 2552 2874 εὐθὺς

372 2894 575 2930 οἷποτελοῦν
602 2892 715 2938 ἑαυτῷ
741 2892 922 2929 ἀπεδίδου
948 2898 1037 2928 κατὰ
1064 2898 1124 2935 τὴν
1152 2895 1353 2939 ὁμούρησιν
1378 2899 1436 2928 καὶ
1467 2897 1705 2942 συμπάθειαν
1732 2901 1791 2930 καὶ
1820 2899 1966 2945 ἐκείνῳ,
1995 2898 2167 2945 καθάπερ
2194 2897 2312 2933 εἷπον.
2364 2897 2475 2940 Quem
2501 2897 2550 2931 lo-

373 2965 451 2990 cum
476 2955 525 2990 ita
547 2955 788 3000 interpretatur
807 2955 1004 2990 Gassendus
1031 2955 1122 2999 Opp.
1150 2962 1227 2989 tom.
1257 2957 1297 2990 11
1327 2957 1419 2991 330:
1460 2959 1554 2996 „Nec
1581 2961 1669 2990 enim
1695 2961 1805 3000 ipsum
1833 2958 1986 3001 (corpus)
2012 2962 2047 2991 in
2075 2970 2110 2991 se
2136 2961 2213 3001 ipso
2239 2959 2436 2991 facultatem
2463 2959 2551 2989 hanc

372 3015 590 3059 possidebat3
627 3016 687 3049 sed
714 3015 905 3059 apparabat
931 3016 989 3049 alii
1024 3016 1072 3049 rei
1098 3014 1244 3058 (animae
1270 3015 1442 3060 nimirum)
1472 3018 1668 3059 congenitae
1695 3019 1778 3058 sibi,
1814 3030 1899 3059 quae
1925 3029 1986 3060 per
2012 3019 2210 3051 facultatem
2237 3020 2272 3050 in
2298 3020 2373 3059 ipso
2400 3018 2551 3049 collabo-

375 3081 484 3107 ratam
509 3077 602 3107 illico
629 3081 741 3107 ectum
769 3076 933 3107 sentiendi
960 3085 1022 3118 pro
1050 3085 1111 3107 sua.
1135 3076 1280 3108 motione
1307 3084 1474 3117 exserens,
1500 3082 1570 3108 tum
1599 3076 1662 3108 sibi
1690 3077 1773 3120 ipsi,
1807 3081 1878 3110 tum
1902 3075 1954 3109 illi
1981 3086 2111 3119 quoque
2139 3082 2176 3110 ut
2202 3076 2374 3117 dicebam,
2402 3076 2445 3109 ob
2471 3076 2549 3108 vici·

373 3135 466 3168 niam
491 3135 812 3177 consensionemque
838 3135 1048 3168 deferebat.“
1092 3135 1223 3174 Quibus
1251 3136 1425 3177 explicatis
1455 3136 1650 3168 Gassendus
1677 3136 1816 3179 Epicuri
1843 3137 2041 3169 sententiam
2068 3147 2144 3170 cum
2165 3136 2352 3170 Aristotele
2377 3135 2419 3169 de
2446 3146 2499 3169 an.
2530 3135 2547 3169 1

372 3189 408 3235 4,
439 3193 484 3229 12
512 3195 701 3238 componit:
741 3194 841 3236 „Quo
867 3196 943 3228 loco
969 3197 1061 3228 vides
1087 3195 1272 3237 Epicurum
1298 3198 1438 3228 eandem
1464 3206 1570 3238 prope
1597 3198 1707 3228 dicere
1735 3206 1811 3228 cum
1837 3197 2021 3230 Aristotele
2048 3197 2256 3238 sententiam,
2283 3205 2351 3229 non
2377 3204 2451 3229 esse
2477 3195 2548 3228 ani-

376 3262 467 3287 mam
495 3253 613 3296 solam,
639 3265 725 3298 quae
752 3256 882 3296 sentiat,
910 3256 967 3288 sed
995 3256 1104 3297 ipsum
1131 3265 1205 3288 esse
1231 3255 1488 3297 compositum.“
