2744 3711
1248 316 1533 358 -η-

232 450 291 492 De
349 460 428 503 qua
474 460 523 490 re
571 448 744 503 disputat
790 448 830 489 in
882 447 987 490 libro
1039 447 1073 489 ll
1124 447 1211 490 865
1234 446 1435 490 -1023,
1486 444 1651 502 ltaque
1703 458 1875 501 pugnam
1923 445 2019 489 facit
2068 446 2312 501 pbilosophis
2358 449 2553 498 omnibu,

228 528 425 577 quotquot
474 532 635 563 sensum
678 516 868 575 putarunt
913 522 1081 564 inditum
1128 532 1219 564 esso
1263 522 1342 576 ipsi
1386 521 1533 563 mundo
1574 523 1663 564 sive
1704 521 1936 573 elementis,
1991 522 2135 575 quibas
2179 522 2359 565 animalis
2406 533 2554 576 corpus

227 597 405 638 sentiens
449 601 758 649 componeretur
791 595 850 650 ¹).
917 596 969 638 Et
1012 596 1181 649 primum
1220 595 1380 648 quidem
1423 595 1544 645 illud,
1591 594 1698 648 quod
1744 593 1961 646 protulisse
1997 606 2118 647 supra
2162 595 2247 637 dixi
2281 586 2554 647 Aristotelen,

227 670 394 723 premit,
440 669 631 711 nonnulla
687 669 866 712 animalia
918 682 972 711 ex
1029 670 1125 723 ipsis
1182 669 1304 712 rebus
1359 668 1565 720 inanimis,
1626 667 1735 710 velut
1777 679 1937 710 vermes
1983 680 2037 710 ex
2084 668 2229 711 tellure
2284 669 2443 712 humida
2487 669 2554 711 vel

227 747 411 785 stercore
466 741 627 795 putrido
683 742 796 797 gigni
853 742 1028 796 perfecta
1077 742 1122 798 ²)
1135 772 1165 783 ..
1219 742 1373 785 Deinde
1391 774 1403 795 ‚
1459 743 1566 797 quod
1622 742 1773 785 eisdem
1831 741 2004 796 physicis
2061 742 2246 795 opposuit
2300 742 2553 795 Aristoteles,

228 816 344 860 affert
399 827 479 858 non
528 828 667 859 omnes
714 827 783 859 res
830 829 883 858 ex
929 816 1136 859 elementis
1187 817 1331 861 mixtas
1379 816 1489 860 vitali
1540 829 1659 859 sensu
1712 817 1912 871 praeditas
1960 820 2052 858 esse
2085 816 2142 872 ³).
2220 815 2399 870 Denique
2444 817 2552 872 qnod

235 891 401 947 gravius
440 897 502 932 est
539 897 819 946 argumentum
857 899 898 934 et
936 892 1136 944 subtilius,
1174 892 1347 935 ostendit
1384 894 1423 934 in
1460 893 1548 946 ipso
1585 902 1755 945 corpore
1794 899 1932 934 nostro
1970 903 2131 933 sensum
2170 903 2242 945 per
2279 902 2418 941 omnes
2457 893 2552 945 qui-

234 966 324 1006 dem
363 970 501 1019 partes
517 977 609 1006 esse
646 965 934 1019 pertinentem,
973 967 1043 1007 sed
1082 967 1239 1021 singula
1277 967 1451 1008 membra
1478 967 1562 1008 sola
1601 978 1672 1019 per
1710 979 1755 1007 se
1785 967 1881 1008 nihil
1919 967 2079 1013 sentire,
2123 967 2199 1007 nisi
2229 966 2440 1007 coniuncta
2474 967 2550 1007 hoc

228 1052 309 1080 uno
361 1051 534 1092 corpore
582 1040 862 1081 contineantur
887 1038 950 1094 ¹⁴).
1009 1041 1146 1094 ltaque
1184 1053 1369 1093 sensum,
1420 1042 1488 1095 qui
1525 1042 1598 1083 toti
1636 1042 1731 1082 insit
1768 1041 1952 1094 corpori,
2000 1046 2141 1082 censet
2179 1052 2336 1081 omnem
2374 1052 2426 1081 ex
2474 1053 2551 1081 una

228 1125 368 1154 caussa
405 1119 446 1154 et
493 1113 578 1155 sola
615 1114 773 1166 quidem
811 1115 851 1154 vi
897 1115 1072 1166 pendere
1117 1115 1317 1167 foederis,
1365 1127 1444 1167 quo
1481 1115 1641 1155 diversa
1686 1115 1862 1155 membra
1910 1116 1949 1155 in
1991 1126 2069 1155 uno
2108 1126 2282 1166 corpore
2331 1115 2411 1154 sint
2448 1125 2551 1155 con-

229 1187 359 1229 ciliata
389 1187 448 1241 ⁶).
507 1189 605 1228 Cum
644 1199 719 1240 qua
758 1188 993 1230 Lucretiana
1032 1181 1296 1241 disputatione
1336 1188 1529 1231 'conferre
1576 1188 1709 1228 licebit
1754 1188 1948 1229 rationem
1987 1187 2238 1239 Aristotelis,
2284 1188 2354 1240 qui
2392 1193 2550 1228 veteres

229 1261 416 1314 physicos
463 1260 739 1313 reprehendit,
786 1262 890 1314 quod
936 1275 1015 1303 non
1054 1262 1246 1304 vidissent
1295 1274 1370 1316 pro
1408 1263 1587 1316 ipsorum
1626 1261 1775 1314 placitis
1814 1261 2040 1314 complures
2079 1261 2227 1302 animas
2273 1261 2344 1301 uni
2391 1262 2552 1314 corpori

230 1336 362 1375 inesse
402 1347 520 1387 posse
541 1334 599 1389 ⁶).
660 1335 773 1383 Quod
813 1342 943 1376 autem
981 1336 1220 1378 Aristoteles
1258 1342 1299 1377 et
1336 1336 1399 1376 alii
1436 1336 1623 1389 suspicati
1659 1342 1752 1376 sunt
1788 1338 1962 1376 sensisse
1998 1335 2280 1389 Empedoclem
2299 1336 2360 1390 ⁷),
2398 1335 2437 1375 id
2468 1335 2551 1376 Lu·—

227 1409 377 1448 cretius
416 1408 538 1449 multo
578 1416 691 1449 certe
731 1409 870 1449 melius
909 1412 1057 1461 sensit,
1095 1422 1185 1450 cum
1223 1421 1303 1450 non
1341 1410 1381 1449 in
1419 1410 1459 1449 vi
1497 1409 1664 1461 quadam
1703 1411 1914 1461 materiae,
1954 1410 2025 1450 sed
2059 1399 2214 1450 insola
2252 1410 2551 1462 compositionis

227 1483 381 1523 ratione
419 1494 561 1523 sensus
589 1494 770 1524 caussam
812 1484 993 1525 collocet.
1053 1484 1131 1526 Sed
1168 1484 1402 1537 Epicureus,
1440 1496 1530 1524 cum
1560 1484 1638 1524 vim
1666 1484 1816 1524 animae
1852 1489 1974 1537 neget
2003 1489 2094 1524 ante
2123 1484 2300 1526 existere
2337 1495 2455 1537 quam
2485 1483 2552 1525 di-

226 1567 345 1596 versa
375 1567 546 1609 corpora
584 1557 623 1597 in
663 1569 784 1597 unum
823 1557 965 1602 foedus
1007 1563 1048 1599 et
1089 1563 1220 1600 motus
1250 1557 1532 1599 convenientes
1567 1557 1778 1607 coiverint,
1819 1569 1992 1609 pugnam
2030 1557 2196 1599 intendit
2233 1557 2310 1609 ipsi
2340 1556 2550 1599 Aristoteli

227 1628 434 1671 affirmanti
462 1630 518 1671 illi
548 1631 676 1683 ipsum
703 1631 846 1672 animal
874 1632 983 1684 prius
1023 1630 1144 1672 fuisse
1171 1643 1287 1683 quam
1314 1643 1447 1673 semen
1476 1631 1582 1672 unde
1610 1636 1842 1672 nasceretur
1863 1629 1924 1683 ⁸).
1978 1629 2028 1672 Et
2055 1630 2106 1672 ad
2134 1642 2245 1672 suam
2265 1630 2424 1684 quidem
2453 1642 2550 1672 sen-

228 1704 388 1745 tentiam
408 1703 714 1746 confirmandam
745 1705 901 1748 adhibet
919 1705 1128 1747 Lucretius
1148 1704 1286 1747 eadem
1305 1705 1384 1757 illa,
1410 1718 1511 1759 quae
1541 1706 1699 1758 saepius
1727 1706 1813 1758 ipse
1833 1705 2070 1746 memoravit
2089 1704 2339 1756 Aristoteles,
2367 1704 2551 1756 exempla

228 1776 451 1817 animalium
466 1790 518 1818 ex
537 1776 682 1818 tellure
697 1778 855 1819 humida
872 1779 1118 1819 nascentium
1127 1791 1139 1827 3
1160 1779 1304 1832 quibus
1320 1779 1497 1833 adiungit
1511 1779 1581 1820 ovi
1596 1779 1692 1820 illud
1707 1779 1930 1832 exemplum
1947 1779 2275 1831 antiquissimum,
2291 1778 2398 1832 quod
2417 1790 2551 1831 supra,

228 1850 295 1890 ubi
333 1850 582 1903 Empedoclis
620 1857 661 1891 et
698 1852 926 1894 Aristotelis
960 1852 1179 1893 doctrinam
1218 1854 1397 1906 exposui,
1436 1853 1571 1905 paucis
1611 1865 1633 1892 a
1674 1865 1736 1893 me
1770 1859 2029 1894 memoratum
2062 1859 2124 1894 est
2144 1852 2204 1906 ⁹).
2263 1852 2378 1901 Quod
2411 1864 2550 1892 exem-

228 1921 337 1975 plum
375 1935 466 1964 cum
507 1930 661 1966 constet
701 1924 864 1966 multum
904 1938 925 1965 a
964 1925 1233 1977 Peripateticis
1272 1937 1361 1966 esse
1398 1926 1600 1979 agitatum,
1640 1925 1783 1966 coniici
1822 1925 1916 1966 licet
1954 1931 2044 1978 post
2081 1925 2340 1967 Aristotelem
2373 1931 2549 1966 renatam

228 2009 320 2037 esse
353 2004 532 2038 veterem
568 1999 896 2049 controversiam,
935 2011 1025 2039 cum
1053 1999 1303 2051 Peripatetici
1335 2010 1453 2040 ovum
1487 2000 1599 2051 prius
1632 1998 1755 2039 fuisse
1790 2011 1908 2051 quam
1944 1999 2087 2040 animal
2123 2004 2330 2053 negarent,
2358 1999 2549 2051 Epicurei

233 2070 485 2113 affirmarent.
560 2071 789 2114 Cuiusmodi
836 2072 1134 2114 controversiae
1171 2072 1328 2126 insigne
1360 2073 1593 2130 ⁴exemplum
1631 2073 1839 2126 proposuit
1877 2073 2109 2115 Plutarchus
2157 2074 2198 2115 in
2236 2072 2549 2126 quaestiunculis

231 2145 314 2186 suis
328 2146 593 2200 symposiacis
609 2145 683 2200 ¹⁰).
739 2146 874 2199 ltaque
893 2146 1102 2188 Lucretius
1122 2152 1300 2189 veterem
1329 2146 1433 2188 illam
1454 2147 1707 2200 Empedoclis
1735 2148 1969 2190 sententiam
1989 2147 2195 2201 amplexus
2214 2148 2254 2190 in
2284 2148 2412 2202 primo
2432 2147 2549 2189 etiam

233 2219 368 2260 mundi
406 2225 498 2260 ortu
537 2220 715 2261 animalia
753 2233 804 2261 ex
841 2222 924 2273 ipsa
963 2227 1071 2262 terra
1104 2226 1237 2261 creata
1282 2232 1372 2262 esse
1421 2221 1643 2272 „imbribus
1681 2228 1722 2263 et
1759 2221 1886 2263 calido
1926 2222 2022 2263 solis
2061 2228 2254 2263 concreta
2289 2224 2469 2275 vapore“
2506 2228 2547 2263 et

386 2416 412 2455 ¹)
440 2417 498 2449 Ab
524 2418 588 2449 hac
616 2428 730 2459 pugna
756 2418 866 2450 differt
892 2418 1015 2459 altera,
1042 2429 1142 2460 quam
1166 2419 1341 2451 Lucretius
1369 2419 1403 2449 in
1427 2418 1515 2450 libro
1541 2419 1640 2450 tertio
1666 2418 1805 2459 suscipit
1831 2418 1991 2448 adversus
2018 2417 2256 2458 Pythagoreos
2283 2424 2316 2450 et
2341 2418 2547 2459 Platonicos,

382 2477 438 2518 qui
465 2477 610 2509 animam
638 2479 844 2510 extrinsecus
872 2479 906 2510 in
932 2489 1054 2520 corpus
1081 2478 1241 2510 insinuari
1267 2478 1430 2518 integram
1456 2484 1490 2509 et
1514 2483 1618 2510 totam
1644 2478 1838 2509 docuerunt.
1876 2475 2090 2518 Quamquam
2116 2477 2181 2508 hos
2197 2477 2297 2509 etiam
2323 2477 2545 2520 philosophos

381 2545 514 2578 unaque
530 2535 660 2569 Stoicos
688 2538 868 2579 adiungere
896 2538 1014 2570 ceteris
1041 2538 1192 2581 physicis
1217 2537 1340 2578 licebit,
1366 2547 1441 2569 cum
1468 2542 1501 2570 et
1527 2537 1590 2580 ipsi
1616 2536 1777 2569 mundum
1804 2535 2007 2567 animantem
2033 2544 2109 2567 esse
2135 2536 2334 2568 censuerint.
2370 2535 2415 2567 Et
2436 2536 2547 2579 ipsum

386 2596 518 2636 quidem
546 2596 725 2629 Platonem
751 2607 827 2629 cum
852 2598 920 2629 illis
947 2599 1117 2640 componit
1143 2598 1345 2631 Aristoteles
1372 2607 1411 2629 eo
1436 2597 1532 2638 loco,
1566 2597 1624 2629 ubi
1650 2606 1726 2628 cum
1753 2596 1838 2628 alios
1864 2596 2041 2637 physicos,
2074 2601 2144 2627 tum
2169 2594 2409 2636 Empedoclem
2434 2605 2546 2638 repre-

382 2653 516 2694 hendit3
552 2656 609 2696 qui
633 2657 769 2697 quidem
795 2657 928 2699 physici
954 2658 1180 2699 cognitionem
1206 2662 1354 2695 nostram
1379 2656 1468 2689 effici
1503 2657 1655 2689 arbitrati
1681 2665 1792 2688 rerum
1818 2661 1852 2687 et
1877 2655 1979 2687 animi
2012 2655 2117 2687 nostri
2143 2654 2289 2697 quadam
2313 2654 2476 2687 affinitate
2503 2656 2547 2688 si·

382 2713 477 2746 milia
512 2715 678 2748 similibus
713 2718 872 2757 cognosci
904 2719 1130 2750 decreverant.
1185 2716 1239 2750 Cf.
1265 2717 1371 2750 Arist.
1398 2717 1439 2749 de
1473 2727 1527 2749 an.
1563 2718 1583 2749 Ι
1609 2717 1650 2756 2,
1678 2714 1713 2748 6.
1766 2715 1844 2747 Vid.
1878 2714 2102 2747 Trendetenb.
2140 2724 2262 2746 comm.
2296 2725 2331 2756 p.
2362 2713 2435 2747 220
2473 2725 2546 2757 sqq.

380 2773 539 2806 Karsten.
555 2774 697 2817 Emped.
712 2785 745 2818 p.
760 2771 847 2808 494.
863 2793 910 2799 ——
929 2774 959 2816 ²)
974 2775 1127 2808 Eandem
1141 2785 1212 2807 rem
1226 2780 1259 2808 et
1271 2775 1446 2808 Lucretius
1458 2781 1491 2808 et
1500 2775 1700 2809 Aristoteles
1715 2775 1847 2816 saepius
1861 2774 2045 2816 proferunt.
2066 2773 2200 2806 Lucret.
2212 2773 2250 2806 11
2260 2772 2347 2807 871.
2362 2772 2449 2807 898.
2459 2773 2546 2808 928.

381 2831 439 2864 111
469 2831 553 2865 717.
580 2833 614 2865 V
644 2829 728 2867 794.
780 2834 887 2869 Arist.
923 2835 964 2867 de
999 2845 1076 2875 gen.
1116 2845 1171 2867 an.
1209 2835 1228 2866 1
1262 2845 1293 2868 c.
1331 2836 1363 2867 1.
1415 2846 1444 2868 c.
1478 2834 1532 2868 16.
1586 2834 1643 2867 111
1677 2844 1705 2866 c.
1737 2833 1793 2866 11.
1823 2849 1869 2855 —
1899 2831 1929 2873 ³)
1957 2833 2035 2865 vid.
2065 2843 2169 2875 supra
2193 2843 2229 2875 p.
2257 2832 2293 2866 9.
2346 2833 2480 2866 Lucret.
2508 2833 2549 2867 11

389 2889 603 2925 886-902.
633 2909 679 2915 -
707 2890 739 2933 ιι)
767 2894 902 2926 Lucret.
928 2894 967 2926 11
994 2890 1182 2927 902—24.
1214 2910 1260 2917 -—
1288 2891 1318 2935 ⁵)
1345 2895 1536 2927 Lucretiani
1560 2903 1676 2926 versus
1700 2891 1871 2926 973—91
1901 2903 1970 2925 non
1997 2898 2073 2925 sunt
2097 2893 2186 2925 iusto
2212 2893 2289 2925 loco
2313 2894 2433 2935 positi,
2470 2904 2549 2926 cum

381 2953 425 2984 ad
439 2955 580 2987 eandem
594 2956 854 2988 controversiam
868 2961 1030 2998 spectent,
1044 2966 1130 2997 quae
1142 2955 1293 2989 versibus
1309 2951 1485 2988 907-24
1500 2955 1696 2988 continetur.
1737 2952 1780 2985 In
1805 2951 1947 2993 singulis
1973 2953 2180 2994 argumentis
2205 2952 2402 2986 confutandi
2427 2954 2547 2986 modus

382 3012 529 3043 cernitur
565 3013 616 3045 illi
653 3014 789 3055 similis,
822 3024 888 3057 quo
914 3015 967 3046 usi
1000 3020 1077 3047 sunt
1101 3014 1306 3049 Aristoteles
1331 3014 1372 3047 de
1398 3024 1452 3047 an.
1480 3015 1499 3048 Ι
1526 3014 1570 3056 5,
1597 3015 1617 3048 5
1647 3024 1718 3056 sqq.
1745 3019 1779 3046 et
1803 3013 2063 3056 Theophrastus
2089 3014 2131 3047 de
2158 3023 2260 3047 sensu
2285 3024 2316 3048 c.
2349 3015 2406 3049 12.
2435 3030 2483 3038 ——
2513 3012 2545 3056 ⁸)

381 3069 488 3102 Arist.
512 3071 532 3103 I
559 3067 593 3112 4,
620 3071 662 3105 6:
689 3072 908 3117 συμβήσεται
934 3068 999 3106 οὖν
1024 3071 1158 3110 πολλάς
1182 3083 1218 3106 τε
1245 3073 1363 3117 ψυχὰς
1387 3071 1485 3115 ἔχειν
1510 3075 1570 3106 καὶ
1596 3073 1684 3105 κατὰ
1710 3075 1788 3104 πᾶν
1812 3073 1852 3104 τὸ
1879 3074 2006 3116 σῶμα,
2033 3073 2140 3118 εἴπερ
2167 3071 2289 3106 πάντα
2313 3072 2386 3118 μὲν
2411 3072 2451 3105 ἐκ
2476 3075 2547 3105 τῶν

382 3132 568 3172 στοιχείων
592 3134 882 3176 μεμιγμένων...
911 3150 959 3156 -
988 3132 1018 3174 7)
1047 3134 1152 3166 Arist.
1181 3134 1228 3166 ib.
1267 3133 1481 3173 Philoponus
1507 3134 1548 3165 de
1574 3144 1628 3165 an.
1656 3133 1674 3165 1
1701 3143 1730 3165 c.
1758 3133 1788 3172 1,
1814 3131 1858 3164 cs.
1886 3133 2044 3165 Karsten.
2072 3143 2106 3174 p.
2135 3128 2231 3167 498:
2259 3132 2278 3166 ὀ
2301 3130 2549 3176 Ἐμπεδοκλῆς

384 3185 449 3220 οὐκ
483 3186 572 3222 αὐτὰ
606 3192 648 3223 τά
676 3194 832 3235 στοιχεῖα
866 3191 988 3236 ἔλεγεν
1022 3190 1118 3225 εἶναι
1152 3193 1215 3233 τὴν
1240 3193 1376 3236 ψυχῆν,
1416 3192 1505 3225 ἀλλὰ
1530 3193 1611 3229 τοὺς
1645 3191 1775 3226 τούτων
1810 3190 1939 3236 λόγους
1974 3189 2070 3225 εἶναι
2096 3191 2138 3226 ἐν
2163 3191 2259 3238 αὐτῇ.
2299 3209 2348 3217 —
2388 3186 2420 3234 ⁸)
2458 3192 2547 3225 Vide

382 3258 416 3290 p.
450 3249 494 3283 10
521 3250 599 3283 adn.
636 3250 670 3283 2.
686 3245 778 3291 --⁹)
806 3252 859 3285 Ib.
887 3251 1021 3285 Lucret.
1037 3251 1076 3285 11
1102 3251 1189 3286 927.
1221 3267 1264 3275 -
1296 3249 1341 3291 ¹⁰)
1368 3252 1444 3285 Lib.
1471 3254 1510 3287 11
1536 3261 1664 3296 quaest.
1691 3253 1715 3287 3
1742 3252 1787 3287 cf.
1815 3254 1990 3288 censorin.
2018 3255 2061 3287 de
2087 3255 2141 3287 die
2167 3260 2236 3288 nat.
2264 3265 2292 3288 c.
2322 3250 2358 3287 4.
2392 3255 2546 3288 Mam-ob.

385 3308 517 3342 Saturn.
546 3311 618 3343 vn
649 3311 705 3344 16.
