2744 3711
1223 244 1507 287 ..2¹7-

204 378 412 421 Eiusmodi
441 389 540 419 vero
579 378 692 419 labor
730 377 770 418 in
809 377 897 430 ipso
933 378 1050 420 oculo
1086 380 1297 430 susceptus
1326 382 1509 431 augemr,
1538 376 1573 417 si
1601 375 1761 418 tenuior
1789 386 1858 417 res
1887 379 1951 417 est
1979 380 2046 417 aut
2074 375 2351 423 vehementer,
2386 374 2528 417 oculus

203 457 265 493 est
294 463 522 506 percussus.
581 451 764 494 Alterum
793 451 905 504 illud,
934 451 1042 505 quod
1069 452 1182 506 prius
1211 450 1349 505 posui,
1379 449 1470 492 loco
1496 455 1665 503 apparet
1686 448 1779 490 libri
1805 447 1858 489 lv
1887 447 2141 490 eos—808:

718 538 852 567 nonne
881 526 995 567 vides
1024 526 1167 577 oculos
1196 526 1330 578 etiam,
1359 536 1450 566 cum
1478 522 1613 566 tenuia
1640 534 1742 576 quae
1769 528 1862 563 sunt

717 611 887 639 cernere
902 607 1163 653 ¹coeperunt,
1193 599 1438 641 contendere
1469 610 1515 640 se
1543 605 1661 651 atque
1688 609 1844 650 parare,

718 684 793 714 nec
823 673 912 715 sine
941 686 990 716 eo
1019 674 1106 717 fieri
1135 686 1254 728 posse
1281 679 1326 715 ut
1355 683 1565 714 cernamus
1594 670 1747 712 acute?

203 748 267 790 Ad
297 747 480 799 alterum,
510 746 617 800 quod
647 747 761 800 posui
791 749 1014 801 posterius,
1033 749 1126 792 libri
1154 748 1260 793 tertii
1287 747 1401 791 locus
1429 750 1602 801 spectat,
1629 745 1698 787 ubi
1728 742 1952 797 exemplum
1981 738 2218 794 proponitur
2246 748 2269 778 a
2294 739 2415 781 rebus
2443 738 2528 780 ful-

202 821 307 876 gidis
336 825 550 873 sumptum.
581 833 618 861 v.
650 819 734 861 363
764 832 822 873 sq.
872 852 878 856 .

714 893 866 947 fulgida
897 893 1134 946 praesertim
1164 904 1256 933 cum
1285 904 1454 933 cernere
1483 902 1600 942 saepe
1630 888 1852 942 nequimus,

716 966 863 1008 lumina
891 967 1103 1008 luminibus
1132 967 1224 1021 quia
1253 967 1368 1007 nobis
1396 965 1715 1019 praepediuntur.

375 1040 474 1080 Tum
504 1040 623 1092 enim,
652 1041 759 1094 quod
789 1041 969 1095 exemplo
999 1041 1090 1082 libri
1111 1041 1163 1098 lv
1184 1039 1385 1082 322—30
1403 1045 1658 1090 monstratur,
1688 1037 1775 1078 sive
1805 1033 1924 1075 nimio
1954 1031 2103 1072 lumine
2122 1030 2209 1071 sive
2230 1029 2526 1072 vehementiore

206 1114 321 1168 pulsu
351 1115 437 1154 sive
466 1115 551 1153 acri
580 1114 794 1167 splendore
824 1116 966 1156 oculus
994 1115 1164 1157 laeditur
1193 1120 1235 1155 et
1263 1115 1317 1156 ita
1347 1114 1536 1165 afficitur,
1575 1118 1619 1153 ut
1648 1111 1800 1151 maiore
1828 1108 1877 1148 ad
1907 1105 2151 1146 cernendum
2180 1104 2397 1145 intentione
2426 1117 2526 1157 opus

206 1190 256 1228 sit
286 1195 325 1229 et.
354 1188 551 1228 interdum
583 1201 649 1229 res
671 1190 830 1229 omnino
862 1202 913 1229 ne
943 1191 1054 1230 cerni
1083 1190 1242 1242 quidem
1273 1201 1318 1229 ac
1339 1189 1481 1242 dispici
1509 1187 1647 1240 possit.
1707 1186 1807 1224 Hinc
1836 1184 1959 1237 igitur
1990 1180 2193 1221 concludit
2221 1180 2310 1231 ipso
2340 1179 2458 1218 etiam
2486 1179 2525 1218 in

206 1262 322 1303 oculo
353 1274 516 1303 sensum
546 1263 679 1304 inesse
708 1265 872 1316 ipsaque
902 1277 1043 1305 sensus
1073 1264 1336 1306 instrumenta
1365 1263 1413 1304 ad
1435 1260 1678 1303 cernendum
1707 1270 1797 1299 esse
1823 1256 2009 1297 efficacia.

377 1335 446 1376 Illa
478 1348 575 1377 vero
618 1338 893 1378 controversia
931 1350 982 1377 ex
1019 1338 1209 1391 graviore
1248 1350 1387 1378 caussa
1425 1336 1600 1389 pendere
1638 1332 1809 1384 putanda
1846 1337 1916 1372 est.
1977 1329 2170 1369 Nimirum
2200 1326 2397 1367 Stratonis
2432 1324 2528 1365 illud

205 1409 390 1460 placitum
420 1408 535 1449 facile
564 1416 779 1461 potuerunt
805 1422 900 1450 suae
917 1410 1122 1451 doctrinae
1152 1411 1410 1451 accomodare
1426 1408 1665 1463 Pythagorei
1693 1404 1913 1458 philosophi
1943 1409 1983 1444 et
2000 1401 2242 1451 Academici,
2272 1399 2339 1451 qui
2369 1397 2529 1450 quidem

207 1483 379 1522 animum
420 1494 499 1522 non
541 1483 699 1524 omnino
740 1496 863 1538 egere
908 1484 1090 1537 corporis
1127 1484 1367 1526 commercio
1415 1489 1456 1524 et
1503 1487 1631 1523 morte
1678 1477 1931 1531 superstitem
1979 1487 2069 1516 esse
2108 1473 2334 1515 voluerunt.
2392 1471 2527 1523 ltaque

207 1556 442 1596 Plutarchus
466 1556 507 1611 ¹)
538 1557 632 1609 ipsis
662 1558 856 1598 Stratonis
887 1559 1021 1599 verbis
1050 1560 1287 1600 sententiam
1314 1558 1456 1599 adiecit
1485 1556 1785 1611 Pythagoream,
1808 1563 1922 1605 quam
1953 1549 2161 1603 proposuit
2187 1546 2465 1600 Epicharmus:

190 1629 198 1636 ⁵
724 1632 819 1678 νοῦς
851 1628 927 1687 ὁρᾷ
961 1631 1032 1671 καί
1063 1633 1155 1680 νοῦς
1186 1630 1344 1671 ἀκούει·
1387 1624 1517 1670 τᾶλλα
1550 1627 1672 1682 κωφὰ
1704 1624 1776 1664 καί
1806 1621 1950 1677 τυφλά.

208 1704 331 1752 Quam
362 1715 460 1743 vero
491 1703 606 1745 facile
636 1718 686 1746 ex
716 1706 911 1747 Stratonis
942 1708 1075 1748 verbis
1105 1707 1208 1749 effici
1248 1707 1419 1760 potuerit
1448 1709 1726 1759 argumentum
1756 1700 1805 1741 ad
1835 1698 1953 1739 animi
1990 1695 2320 1738 immortalitatem
2351 1692 2530 1747 probau—

209 1776 319 1828 dam,
358 1777 396 1817 id
437 1790 485 1818 co
526 1778 629 1830 loco,
674 1792 752 1831 quo
792 1781 855 1821 illa
895 1782 1098 1832 exposuit,
1138 1782 1279 1823 Cicero
1318 1780 1489 1823 ostendit
1527 1791 1617 1818 cum
1657 1775 1730 1817 alia
1770 1782 1852 1817 tum
1890 1774 1987 1814 haec
2027 1770 2268 1813 concludens
2293 1768 2358 1822 ²):
2409 1778 2528 1818 „cum

210 1837 339 1892 autem
370 1851 466 1892 nihil
496 1852 572 1892 erit
603 1859 761 1904 praeter
781 1854 964 1901 animum,
997 1854 1102 1895 nulla
1131 1868 1198 1896 res
1217 1855 1370 1896 obiecta
1397 1851 1597 1906 impediet,
1627 1849 1837 1903 quominus
1867 1847 2072 1900 percipiat,
2102 1843 2216 1898 quale
2235 1841 2406 1895 quidque
2435 1839 2528 1881 sit.“

209 1923 333 1971 Quam
363 1924 595 1966 sententiam
625 1925 835 1968 Lucretius
864 1927 1004 1968 irridet
1033 1927 1094 1968 his
1125 1927 1327 1968 versibus:
1386 1925 1440 1967 111
1471 1922 1683 1966 367—70.

727 2001 940 2042 Praeterea
970 2002 1004 2042 si
1033 2013 1106 2054 pro
1136 2000 1287 2043 foribus
1317 2005 1409 2042 sunt
1438 1999 1585 2040 lumina
1615 2001 1775 2046 nostra,

726 2072 813 2114 Jam
845 2075 970 2129 magis
1001 2074 1194 2126 exemptis
1225 2073 1351 2115 oculis
1381 2073 1529 2114 debere
1559 2071 1717 2112 videtur

725 2147 901 2188 Cernere
932 2159 998 2188 res
1029 2149 1181 2188 animus
1212 2146 1376 2188 sublatis
1405 2146 1585 2199 postibus
1614 2144 1724 2197 ipsis.

213 2216 349 2270 Itaque
386 2218 591 2271 Epicurei,
638 2232 716 2273 quo
756 2221 1059 2263 immortalitatis
1104 2222 1329 2274 opinionem
1368 2220 1574 2272 tollerent,
1623 2217 1741 2259 animi
1786 2221 1826 2256 et
1863 2211 2042 2266 corporis
2078 2208 2307 2251 societatem
2345 2203 2528 2244 fecerunt

214 2293 383 2333 maxime
413 2295 702 2347 necessariam,
733 2308 824 2336 cum
853 2300 893 2337 et
923 2296 1050 2348 ipsum
1080 2308 1227 2349 corpus
1255 2295 1429 2337 sentiens
1459 2306 1550 2335 esse
1579 2291 1833 2334 affirmarent.

383 2368 458 2417 Qui
505 2369 617 2411 locus
658 2371 732 2410 iam
771 2371 818 2412 ad
866 2383 953 2412 eam
993 2383 1066 2412 nos
1113 2371 1279 2413 traducit
1334 2369 1661 2422 disputationem,
1707 2378 1782 2419 qua
1827 2362 2035 2405 Lucretius
2079 2358 2299 2399 animorum
2346 2357 2527 2393 naturam

215 2441 383 2482 nativam
416 2455 461 2482 ac
492 2444 699 2485 mortalem
729 2445 891 2486 efficere
921 2453 1085 2487 conatus
1125 2452 1199 2489 est.
1260 2444 1312 2485 111
1340 2442 1580 2484 417—828.
1639 2440 1717 2482 Sed
1748 2452 1797 2480 ne
1833 2439 1978 2490 longus
2007 2435 2103 2485 sim,
2141 2432 2234 2474 nolo
2263 2430 2328 2470 hic
2357 2427 2527 2482 singula,

217 2527 319 2567 quae
349 2517 396 2556 ab
428 2517 496 2557 illo
527 2519 640 2559 allata
669 2526 782 2570 sunt,
813 2526 1045 2574 argumenta
1075 2532 1278 2573 exponere
1307 2518 1490 2567 uberius3
1523 2518 1617 2558 satis
1645 2517 1696 2557 sit
1725 2514 1859 2568 paucis
1887 2524 1973 2553 eam
2000 2510 2193 2551 rationem
2222 2505 2422 2555 indicare,
2451 2512 2527 2553 qua

213 2588 279 2628 illa
310 2595 348 2630 et
379 2590 484 2632 inter
513 2604 558 2632 se
587 2600 626 2634 et
657 2605 745 2633 cum
776 2594 856 2643 eis,
886 2606 984 2646 quas
1015 2594 1240 2645 illustravi,
1270 2592 1475 2634 sententiis
1503 2590 1757 2646 gravioribus
1785 2588 1992 2628 videantur
2022 2595 2111 2625 esse
2140 2592 2334 2622 connexa.

384 2664 593 2707 Lucretius
624 2668 793 2719 primum
824 2670 934 2709 varia
964 2669 1050 2708 eius
1080 2668 1241 2720 generis
1271 2672 1502 2719 argumenta
1538 2664 1746 2717 proponit,
1783 2661 1925 2713 quibus
1956 2658 2098 2710 probet
2127 2656 2299 2697 animum
2328 2665 2407 2694 una
2437 2664 2528 2693 cum

213 2745 386 2787 corpore
415 2738 557 2780 multas
587 2753 633 2781 ac
662 2743 793 2782 varias
831 2742 966 2783 subire
996 2741 1232 2783 mutationes
1255 2738 1311 2794 ³).
1370 2739 1501 2791 Atque
1529 2737 1672 2790 premit
1701 2735 1887 2784 maxime,
1926 2733 2097 2773 animum
2127 2737 2218 2772 ante
2246 2730 2286 2770 in
2313 2728 2400 2781 ipso
2430 2739 2529 2768 cor—

213 2820 312 2861 pore
342 2810 549 2854 disiectum
575 2828 664 2856 esse
693 2822 733 2857 et
763 2816 992 2868 laceratum,
1021 2829 1136 2869 quam
1176 2813 1282 2856 foras
1313 2809 1635 2868 dispergatur‘t).
1667 2811 1751 2859 Qua
1780 2808 1937 2861 quidem
1974 2806 2127 2848 ratione
2156 2804 2430 2859 Pythagoreos
2461 2802 2530 2842 in-

212 2882 354 2934 primis
395 2885 598 2941 impugnat
638 2894 677 2930 et
707 2890 967 2931 Academicos
1006 2897 1045 2931 et
1084 2895 1280 2943 quotquot
1310 2902 1333 2929 e
1362 2885 1629 2941 Peripateticis
1667 2890 1707 2926 et
1734 2883 1876 2925 Stoicis
1919 2882 2070 2923 animos
2107 2894 2130 2922 a
2168 2880 2407 2935 corporibus
2443 2879 2531 2920 dis-

213 2955 359 2998 cedere
400 2959 581 3014 integros
630 2965 916 3005 existimarunt.
976 2964 1062 3004 Jam
1101 2975 1198 3003 vero
1243 2969 1358 3015 poeta
1403 2963 1443 3002 in
1492 2959 1726 3013 disputando
1764 2971 1813 2998 eo
1855 2957 1973 2998 modo
2019 2956 2221 3010 procedit,
2269 2963 2314 2997 ut
2356 2955 2530 2996 rationes

214 3031 445 3085 graviores,
476 3046 573 3086 quas
603 3044 715 3079 antea
746 3039 929 3091 exposuit
960 3038 1143 3088 uberius,
1174 3038 1311 3089 paucis
1340 3041 1504 3089 repetat.
1555 3034 1689 3087 ltaque
1718 3033 1821 3074 redit
1850 3032 1898 3073 ad
1928 3045 2037 3084 eam,
2068 3044 2184 3084 quam
2214 3032 2254 3071 in
2284 3029 2459 3071 secundo
2490 3034 2530 3068 et

384 3219 413 3261 ¹)
440 3222 493 3254 De
522 3224 634 3256 solert.
663 3225 763 3256 anim.
792 3224 826 3257 3.
844 3242 891 3248 —
908 3219 937 3265 ²)
965 3225 1066 3257 Tusc.
1095 3225 1113 3257 I
1140 3224 1199 3266 20,
1227 3220 1286 3256 47.
1318 3240 1360 3247 —
1391 3221 1420 3262 3)
1449 3224 1506 3256 111
1534 3219 1747 3256 417—668.
1787 3222 1929 3264 Singula
1955 3226 2153 3263 argumenta
2174 3219 2297 3253 refellit
2320 3218 2527 3252 Gassendus.

362 3288 443 3315 tom.
472 3284 509 3315 11
536 3282 608 3316 637
640 3294 709 3326 sqq.
740 3301 783 3307 —
814 3280 844 3324 α)
873 3285 1006 3317 Lucret.
1035 3285 1092 3317 111
1120 3280 1306 3319 524—46.
1335 3282 1548 3317 578-613.
