2744 3711
1244 196 1529 239 ..30-

217 324 582 379 Stoici„quoeun
609 326 797 379 prinoep·
824 325 934 369 Zeno
962 327 1186 370 anm-m
1216 327 1375 371 sust-lit
1402 326 1563 380 quidem
1597 325 1954 377 inmortalitatem,
1991 326 2063 369 sed
2100 326 2499 374 discessum-neotum
2527 340 2551 371 a

218 409 393 452 corpora
420 404 467 446 et
489 400 605 444 vitoe*
625 399 925 446 emunitatem
954 400 1118 454 seliquit
1141 400 1200 456 ί).
1248 401 1441 457 Discipuli
1468 412 1588 451 vero,
1610 399 1687 445 etsi
1715 399 1869 445 dehac
1897 412 1945 445 re
1973 400 2049 454 ipsi
2076 400 2182 443 inter
2208 400 2410 446 se-oealde
2427 400 2551 447 diui-

217 472 387 522 debflnt‚
425 483 518 518 eum
545 472 784 518 atii-animis
810 472 1109 527 longissimam,
1146 474 1212 516 alii
1240 485 1321 518 non
1344 474 1533 517 omuibus
1561 485 1753 527 aequam,
1791 474 1865 516 alii
1886 474 2033 516 unllam
2059 476 2223 516 omnino
2253 475 2358 516 vitae
2386 485 2550 518 usuum

218 545 485 598 largirentur,
518 557 664 591 onnes
692 551 904 590 tameneo
933 547 1121 590 videatur
1146 560 1308 600 semper
1336 548 1613 598 conmisisse,
1650 549 1884 592 animosex
1911 556 2078 591 aeterna·
2102 555 2220 601 atque
2248 548 2384 590 divina
2411 555 2550 591 natura

216 618 431 671 decerptos
447 630 540 660 esse
557 631 824 672 necunquam
844 619 1079 665 interituros
1098 619 1275 663 funditus
1296 619 1353 674 2).
1384 620 1509 662 Multo
1527 622 1644 667 etiam
1664 621 1789 666 uiaior
1804 621 2013 674 Epicureis
2030 622 2242 664 constabat
2269 634 2359 670 cum
2377 622 2550 665 Platonis

216 691 423 745 disciplina
438 692 647 736 dissensio.
676 693 935 747 Quamquam,
950 707 1052 746 quas
1072 694 1159 746 ipse
1173 694 1282 737 Plato
1298 694 1521 736 disserendi
1535 695 1599 737 via
1622 695 1869 747 explicuerat
1887 695 2064 737 rationes
2083 696 2293 748 graviores
2312 701 2430 747 atque
2450 707 2550 737 acu-

216 765 364 817 tiores,
402 779 472 810 eas
498 765 696 819 Epicurus
724 767 761 814 si
789 767 920 811 minus
957 768 1192 822 ignorasse,
1226 774 1340 809 certe
1368 768 1598 821 neglexisse
1627 767 1786 809 videtur
1815 780 1889 807 nec
1918 768 1998 808 ulla
2027 769 2304 820 disputationis
2333 770 2549 810 severitate

217 838 427 888 refellisse·
488 840 569 884 illis
604 841 711 888 euim
742 842 961 887 rationibus
997 842 1092 893 quid
1131 842 1287 884 tandem
1325 853 1529 893 opponere
1566 842 1718 892 potuit,
1758 854 1848 883 cum
1877 841 2108 883 dialecticae
2146 842 2247 882 artis
2284 841 2400 882 rudis
2432 847 2550 892 atque

217 912 402 960 ,inimicus
430 912 475 967 ³)
504 927 662 957 omnem
693 915 875 958 veritatis
905 915 1176 967 cognitionem
1195 928 1217 955 a
1236 914 1345 963 solis,
1376 927 1479 965 quae
1507 915 1693 956 sensibus
1725 915 2014 966 percipiuntur,
2042 915 2165 955 rebus
2184 916 2441 965 repetendam
2459 929 2551 956 esse

217 985 394 1038 nihiltwe
420 988 497 1028 nisi
526 988 697 1039 spatium
726 1000 903 1039 corpore
932 1001 1077 1028 vacans
1114 1001 1207 1028 esse
1237 986 1496 1028 decrevisset.
1554 986 1694 1038 Neque
1724 988 1849 1040 igitur
1878 988 2097 1027 mirandum
2127 995 2211 1037 est,
2241 1001 2292 1028 ne
2321 988 2549 1028 Lucretium

216 1059 400 1112 quidem,
439 1061 609 1102 acrioris
637 1060 748 1105 illum
776 1060 929 1113 ingenii
957 1059 1216 1111 discipulum,
1254 1060 1303 1101 ad
1331 1060 1497 1107 aliorum
1527 1060 1703 1101 rationes
1732 1060 2031 1113 redarguendas
2067 1060 2273 1102 subtiliora
2312 1069 2549 1114 argumenta

217 1131 459 1178 adhibuisse.
498 1132 537 1180 ls
565 1132 821 1181 adversarios
850 1145 947 1177 suos
977 1139 1097 1187 urget
1125 1125 1285 1187 quidem
1314 1132 1620 1188 interrogando,
1650 1147 1729 1186 qua
1758 1132 1915 1176 tandem
1946 1133 2098 1175 ratione
2128 1140 2291 1175 aeterna
2321 1147 2412 1177 cum
2435 1148 2551 1177 mor-

218 1205 363 1248 talibus
402 1213 549 1259 queant
595 1206 809 1261 coniungi,
849 1219 923 1247 cur
961 1205 1204 1248 immortales
1241 1207 1358 1248 animi
1396 1208 1632 1261 corporibus
1669 1207 1919 1248 insinuentur
1959 1207 2190 1248 mortalibus
2229 1213 2269 1248 et
2308 1208 2467 1251 caducis
2484 1208 2549 1264 ⁴),

216 1294 292 1323 cur
320 1289 362 1323 et
390 1282 590 1335 quomodo
620 1283 779 1323 sibimet
807 1283 882 1335 ipsi
920 1294 1090 1335 corpora
1119 1282 1364 1324 fabricentur
1387 1283 1453 1337 ⁵),
1498 1283 1669 1335 denique
1697 1294 1771 1323 cur
1800 1282 1917 1323 huius
1948 1283 2051 1323 vitae
2086 1283 2246 1322 miseria
2277 1289 2481 1336 suscepta,
2511 1284 2545 1324 si

217 1367 366 1408 corpus
395 1356 536 1396 aetatis
564 1356 692 1408 spatio
721 1355 857 1395 labare
887 1357 1090 1408 coeperit,
1118 1356 1185 1397 alii
1213 1357 1253 1397 id
1283 1362 1594 1408 conquerantur,
1623 1356 1689 1396 alii
1718 1355 1958 1395 domicilium
1977 1355 2169 1397 deserere
2199 1356 2358 1406 cupiant
2376 1356 2443 1409 ⁶):
2474 1356 2545 1396 sed

216 1428 414 1469 eiusmodi
439 1429 698 1481 quaestiones
728 1428 976 1470 difficillimas
995 1429 1045 1469 ad
1075 1429 1238 1472 scholae
1256 1442 1352 1470 suae
1371 1430 1701 1471 consuetudinem
1719 1428 1763 1481 ⁷)
1794 1430 1928 1480 paucis
1948 1434 2099 1469 tantum
2120 1434 2237 1480 atque
2257 1429 2400 1470 leviter
2422 1430 2547 1483 tangit

219 1508 258 1542 et
286 1501 495 1542 irridendo
525 1503 658 1554 potius
688 1515 805 1554 quam
835 1502 1076 1554 disputando
1103 1503 1352 1556 aggreditur.
1392 1502 1476 1543 Nec
1508 1503 1576 1543 ubi
1605 1502 1945 1555 Pythagoreorum
1975 1501 2176 1542 celebrem
2206 1502 2312 1542 illam
2341 1503 2391 1544 de
2421 1515 2547 1554 supc-

219 1575 341 1619 rioris
370 1576 477 1616 vitae
498 1575 792 1619 recordatione
818 1576 1054 1617 sententiam
1083 1575 1251 1626 refutat,
1281 1588 1390 1624 eam,
1419 1588 1536 1627 quam
1567 1575 1675 1616 Plato
1705 1587 1757 1616 ex
1785 1576 1869 1626 ipsa
1899 1574 2143 1626 philosophia
2173 1576 2388 1627 exquisivit
2419 1576 2546 1616 ratio·

220 1660 312 1689 nem
340 1647 591 1689 subtiliorem
620 1655 659 1689 et
689 1648 998 1690 reconditiorem
1029 1662 1080 1689 ne
1109 1649 1233 1689 verbo
1263 1648 1421 1701 quidem
1459 1647 1764 1702 assequiturssnt.
1826 1646 1868 1686 ln
1899 1647 2091 1687 eiusmodi
2129 1649 2375 1701 argumentis
2407 1660 2545 1688 omncs

219 1721 444 1775 Epicureos
472 1720 590 1775 plane
618 1721 743 1764 fuisse
771 1722 935 1765 hebetes
963 1730 1082 1776 atquc
1112 1723 1265 1763 alienos
1294 1723 1389 1763 dicit
1417 1723 1558 1763 Cicero
1568 1735 1578 1778 ς
1610 1722 1643 1761 is
1673 1728 1713 1763 et
1742 1727 1902 1762 veteres
1932 1721 2092 1761 scholae
2120 1723 2343 1774 principes,
2375 1728 2419 1762 ut
2447 1722 2547 1773 Epi-

217 1808 361 1840 curum
392 1801 433 1835 et
456 1795 745 1846 Metrodorum,
774 1803 816 1837 et
845 1796 1030 1848 aequales
1050 1796 1286 1847 Epicureos,
1316 1802 1360 1837 ut
1381 1796 1642 1844 Amaraniuin‚
1672 1795 1886 1844 Rabirium,
1915 1795 2012 1834 alios
2044 1795 2174 1834 multis
2204 1795 2304 1835 locis
2336 1796 2546 1846 vituperat,

217 1869 326 1922 quod
353 1869 446 1910 libri
474 1882 617 1914 eorum
648 1869 755 1914 nulla
785 1876 872 1914 arte
901 1877 942 1911 et
972 1870 1194 1913 disserendi
1223 1870 1438 1911 subtilitate
1467 1871 1596 1910 ornati
1625 1870 1673 1909 ad
1706 1869 1815 1922 vulgi
1843 1874 2001 1919 captum
2022 1869 2238 1920 conscripti
2256 1869 2335 1909 sint
2354 1869 2404 1909 de
2425 1869 2546 1910 rebus

217 1942 379 1988 minime
406 1928 614 1993 obscuris,
643 1954 741 1995 quas
771 1955 888 1985 nemo
918 1943 1173 1985 mediocriter
1202 1942 1361 2002 quidem
1392 1944 1535 1985 doctus
1562 1944 1725 1995 ignoret
1740 1943 1798 1993 ⁹).
1858 1942 2046 1993 idemque
2076 1947 2215 1983 auctor
2245 1954 2294 1982 eo
2324 1942 2411 1992 ipso
2441 1941 2546 1990 loco,

216 2026 297 2069 quo
327 2015 502 2062 Platonis
529 2015 753 2069 elegantem
783 2015 890 2058 illam
918 2020 1035 2068 atque
1075 2015 1313 2067 exquisitam
1351 2015 1401 2058 de
1431 2015 1617 2060 movendi
1654 2013 1848 2067 principio
1879 2014 2072 2056 rationem
2103 2013 2289 2066 exponit,
2329 2027 2419 2054 cum
2448 2013 2547 2057 alios

217 2089 474 2144 philosophos
504 2094 589 2133 tum
618 2089 791 2135 maxime
817 2088 1040 2143 Epicureos
1068 2088 1121 2133 ita
1151 2088 1408 2143 perstringit:
1439 2089 1561 2140 „licet
1589 2091 1833 2131 concurrant
1863 2099 2003 2129 omnes
2033 2085 2176 2139 plebeii
2203 2086 2428 2140 philosophi
2458 2085 2546 2141 (sic

216 2162 322 2210 euim
351 2162 403 2213 ii,
443 2161 513 2216 qui
540 2174 563 2204 a
593 2161 755 2208 Platone
784 2167 825 2205 et
853 2161 1018 2207 Socrate
1047 2168 1087 2205 et
1115 2161 1163 2204 ab
1193 2174 1241 2204 ea
1271 2161 1414 2206 familia
1444 2161 1658 2212 dissident,
1695 2159 1915 2214 appellandi
1945 2158 2162 2214 videntur)
2191 2172 2270 2202 non
2300 2160 2417 2203 modo
2447 2159 2543 2202 nihil

217 2245 391 2288 unquam
421 2240 501 2279 tam
531 2235 741 2289 eleganter
768 2235 1044 2288 explicabunt,
1084 2235 1155 2278 sed
1185 2248 1236 2276 ue
1265 2235 1341 2277 hoc
1373 2235 1530 2287 quidem
1561 2235 1711 2287 ipsum,
1742 2246 1858 2287 quam
1888 2233 2085 2275 subtiliter
2114 2233 2345 2275 conclusum
2374 2234 2451 2285 sit,
2480 2233 2546 2274 in-

216 2308 400 2364 telligent
435 2308 512 2365 ²⁰).
571 2311 682 2359 Quae
710 2310 835 2352 verba
863 2316 908 2353 ut
937 2321 1017 2351 non
1046 2315 1191 2355 vacent
1220 2309 1308 2362 illa,
1345 2322 1422 2362 qua
1451 2309 1592 2351 Cicero
1622 2308 1726 2350 solet
1754 2308 1794 2349 in
1824 2307 2045 2359 Epicureos
2074 2307 2153 2359 uti,
2192 2307 2430 2357 acerbitate;
2469 2307 2546 2348 hoc

216 2389 329 2430 cute
359 2383 604 2426 credendum
634 2391 697 2428 est
724 2384 825 2428 istos
853 2383 1010 2426 subtilia
1039 2390 1273 2439 argumenta
1302 2383 1501 2425 subtiliter
1530 2383 1772 2425 convincere
1800 2381 1956 2423 ratione
1985 2380 2190 2422 doctrinae
2219 2380 2324 2422 nulla
2354 2380 2545 2434 potuisse.

220 2457 359 2512 ltaque
387 2457 586 2515 Epicurus
615 2470 683 2503 eas
712 2459 961 2514 potissimum
990 2459 1222 2513 opiniones,
1253 2469 1356 2511 quae
1384 2458 1505 2513 longe
1534 2458 1692 2511 lateque
1722 2467 1794 2510 per
1823 2454 2112 2498 multitudinem
2142 2459 2257 2497 erant
2286 2454 2450 2497 diffusae
2480 2454 2548 2497 vi-

219 2533 338 2573 detur
366 2533 607 2587 exagitasse.
666 2533 751 2574 Nec
780 2533 820 2574 id
850 2534 1015 2582 mirum3
1054 2533 1152 2575 vixit
1181 2533 1286 2574 enim
1316 2533 1495 2574 tristibus
1534 2532 1611 2573 illis
1648 2529 1915 2583 temporibuS‚
1955 2528 2097 2581 quibus
2128 2528 2329 2569 hominum
2360 2528 2477 2569 animi
2507 2534 2549 2570 et

218 2606 401 2658 publicae
449 2607 510 2648 rei
549 2612 590 2648 et
628 2608 806 2660 privatae
844 2607 1065 2648 calamitate
1105 2605 1240 2648 afflicti
1289 2618 1334 2646 ac
1383 2605 1536 2660 fatigati
1575 2605 1639 2646 alii
1686 2603 1800 2645 facile
1839 2615 1948 2655 spem
1987 2602 2074 2655 opis
2116 2602 2272 2642 divinae
2311 2602 2548 2643 abiiciebant

376 2781 405 2827 ¹)
432 2786 535 2827 Diog.
550 2786 592 2818 L.
606 2782 682 2818 VII
707 2784 798 2818 156:
826 2784 895 2817 Διὸ
922 2785 980 2817 καὶ
1009 2783 1087 2826 (τῆν
1113 2783 1246 2828 ψυχήν)
1273 2785 1379 2829 σῶμα
1405 2781 1513 2821 εἶναι,
1541 2783 1600 2815 καὶ
1626 2784 1718 2827 μετὰ
1744 2780 1906 2815 adumar
1932 2781 2144 2825 ἐπιμένειν,
2171 2782 2341 2824 ψθαριὴν
2367 2778 2407 2812 δὲ
2438 2778 2544 2813 εἶναι.

374 2845 447 2880 Oic.
474 2845 581 2879 Tuae.
608 2844 627 2878 1
654 2843 715 2886 31,
747 2843 806 2879 77.
850 2843 954 2879 Stoici
982 2850 1093 2878 autem
1120 2855 1258 2878 usuram
1284 2845 1382 2878 nobis
1408 2844 1614 2886 largiuntur,
1639 2848 1797 2884 tanquam
1824 2841 2034 2876 cornicibus:
2069 2841 2127 2873 diu
2153 2850 2330 2874 mansuros
2358 2840 2450 2874 aiunt
2476 2841 2546 2873 ani-

371 2915 465 2948 mos3
494 2914 636 2950 semper,
662 2909 800 2949 negant.
829 2921 877 2935 -ν
905 2900 936 2948 2)
963 2905 1064 2949 Diog.
1092 2905 1134 2939 L.
1160 2905 1233 2939 VII
1266 2902 1354 2938 157:
1382 2901 1571 2946 Κλεάνθης
1595 2901 1667 2949 μὲν
1695 2898 1759 2936 οὑν
1786 2899 1906 2939 πιέσας
1933 2897 2190 2946 ἐπιδιαμένειν
2214 2899 2324 2945 μέχρι
2349 2899 2406 2941 τῆς
2433 2897 2547 2932 ἐκπυ-

373 2964 538 3009 ρώσεως·
593 2963 819 3008 Χρύσιππος
844 2963 907 3004 δὲ,
942 2966 1003 3001 τὰς
1030 2967 1100 2997 τῶν
1126 2966 1256 3009 σοφῶν
1279 2962 1409 3008 μόνον.
1462 2962 1542 2995 vid.
1569 2964 1776 3005 Menagium.
1807 2998 1808 3001 Ἴ
1832 2962 1904 2997 Cic.
1932 2961 2035 2993 Tusc.
2063 2961 2081 2993 Ι
2107 2960 2168 3000 31,
2197 2959 2243 2993 79
2273 2960 2329 2999 &de
2355 2957 2545 2999 Panaetio).

373 3025 431 3059 cf.
458 3026 597 3068 Lipsius
623 3027 779 3067 Plu-⁸101.
806 3026 949 3059 stoicor.
976 3026 1034 3058 111
1060 3027 1140 3057 diss.
1166 3026 1232 3057 XI.
1281 3025 1520 3066 Wyttenbach.
1548 3034 1665 3066 opusc.
1693 3025 1731 3057 II
1757 3035 1790 3065 p.
1820 3019 1894 3055 274
1921 3032 1993 3064 sqq.
2024 3038 2069 3044 —-
2100 3020 2131 3061 ³)
2160 3022 2261 3061 Diog.
2288 3020 2329 3051 L.
2357 3020 2392 3051 X
2419 3018 2478 3051 3¹.
2500 3036 2542 3041 --

370 3080 404 3125 δ)
432 3084 567 3118 Lucret.
596 3085 653 3118 111
682 3080 895 3119 798-804.
923 3085 957 3117 V
980 3083 1062 3118 176.
1093 3100 1138 3107 —
1168 3082 1200 3125 ⁵)
1227 3084 1279 3117 1b.
1310 3083 1496 3116 725-36.
1516 3099 1560 3105 —
1584 3077 1615 3121 ὑ)
1642 3082 1830 3116 fito—13.
1862 3077 2048 3114 770-74.
2078 3097 2125 3104 —-
2154 3073 2184 3122 ⁷)
2214 3080 2270 3113 Cf.
2299 3079 2372 3112 Cic.
2399 3080 2440 3110 dc
2466 3078 2545 3110 Nat.

372 3144 478 3178 Deor.
507 3145 525 3178 1
552 3143 595 3186 8,
623 3144 658 3179 9.
693 3163 741 3169 -
779 3137 811 3185 ⁸)
841 3143 1030 3180 668-77.
1068 3160 1115 3168 —·
1150 3137 1183 3184 ο)
1214 3143 1287 3177 Cic.
1315 3143 1417 3177 Tusc.
1445 3143 1464 3176 1
1491 3142 1525 3183 3,
1554 3141 1587 3176 6.
1622 3143 1660 3176 11
1685 3141 1720 3183 3,
1749 3142 1783 3176 7.
1812 3141 1847 3175 8.
1886 3141 1939 3174 1v
1966 3140 2008 3182 3,
2044 3139 2103 3174 6..
2132 3141 2186 3174 De
2211 3139 2267 3173 fin.
2296 3139 2315 3172 Ι
2341 3137 2374 3179 3,
2402 3137 2437 3172 8.
2488 3139 2546 3171 ΙΙΙ

377 3202 434 3242 12,
461 3202 522 3238 40.
575 3204 686 3238 Acad.
714 3205 733 3238 1
758 3205 791 3245 2,
820 3205 854 3238 5.
885 3223 929 3230 -—
964 3203 1008 3244 ¹⁰)
1040 3203 1111 3237 Cic.
1140 3204 1244 3237 Tuae.
1272 3204 1290 3237 1
1318 3203 1377 3244 23,
1406 3203 1465 3237 55.
