<?xml version="1.0" encoding="UTF-8"?>
<!DOCTYPE html PUBLIC "-//W3C//DTD XHTML 1.0 Transitional//EN"
    "http://www.w3.org/TR/xhtml1/DTD/xhtml1-transitional.dtd">
<html xmlns="http://www.w3.org/1999/xhtml" xml:lang="en" lang="en">
 <head>
  <title>
</title>
<meta http-equiv="Content-Type" content="text/html;charset=utf-8" />
  <meta name='ocr-system' content='tesseract 3.04.00' />
  <meta name='ocr-capabilities' content='ocr_page ocr_carea ocr_par ocr_line ocrx_word'/>
</head>
<body>
  <div class='ocr_page' id='page_1' title='image "4770472_0026.png"; bbox 0 0 2744 3711; ppageno 0'>
   <div class='ocr_carea' id='block_1_1' title="bbox 1242 194 1528 238">
    <p class='ocr_par' dir='ltr' id='par_1_1' title="bbox 1242 194 1528 238">
     <span class='ocr_line' id='line_1_1' title="bbox 1242 194 1528 238; baseline -0.007 -9"><span class='ocrx_word' id='word_1_1' title='bbox 1242 194 1528 238; x_wconf 70' lang='lat'>...20-</span> 
     </span>
    </p>
   </div>
   <div class='ocr_carea' id='block_1_2' title="bbox 152 326 2596 1120">
    <p class='ocr_par' dir='ltr' id='par_1_2' title="bbox 152 326 2596 1120">
     <span class='ocr_line' id='line_1_2' title="bbox 339 326 2542 381; baseline 0.001 -11"><span class='ocrx_word' id='word_1_2' title='bbox 339 354 346 362; x_wconf 35' lang='lat' dir='ltr'><strong>s</strong></span> <span class='ocrx_word' id='word_1_3' title='bbox 386 326 535 370; x_wconf 76' lang='lat' dir='ltr'><strong>Eadem</strong></span> <span class='ocrx_word' id='word_1_4' title='bbox 573 326 783 369; x_wconf 72' lang='lat' dir='ltr'><strong>doctrinae</strong></span> <span class='ocrx_word' id='word_1_5' title='bbox 819 327 923 369; x_wconf 71' lang='lat' dir='ltr'><strong>ratio</strong></span> <span class='ocrx_word' id='word_1_6' title='bbox 962 327 1143 369; x_wconf 78' lang='lat' dir='ltr'><strong>cernitur</strong></span> <span class='ocrx_word' id='word_1_7' title='bbox 1181 327 1223 369; x_wconf 82' lang='lat' dir='ltr'><strong>in</strong></span> <span class='ocrx_word' id='word_1_8' title='bbox 1259 338 1320 376; x_wconf 74' lang='lat' dir='ltr'><strong>en,</strong></span> <span class='ocrx_word' id='word_1_9' title='bbox 1358 336 1461 380; x_wconf 71' lang='lat' dir='ltr'><strong>quae</strong></span> <span class='ocrx_word' id='word_1_10' title='bbox 1498 326 1696 381; x_wconf 71' lang='lat' dir='ltr'><strong>sequitur,</strong></span> <span class='ocrx_word' id='word_1_11' title='bbox 1725 326 2002 381; x_wconf 15' lang='lat' dir='ltr'><strong>&gt;disputatione</strong></span> <span class='ocrx_word' id='word_1_12' title='bbox 2039 340 2080 367; x_wconf 85' lang='lat' dir='ltr'><strong>v.</strong></span> <span class='ocrx_word' id='word_1_13' title='bbox 2121 326 2364 371; x_wconf 72' lang='grc'><strong>136-417.</strong></span> <span class='ocrx_word' id='word_1_14' title='bbox 2420 328 2542 372; x_wconf 81' lang='lat' dir='ltr'><strong>Cuius</strong></span> 
     </span>
     <span class='ocr_line' id='line_1_3' title="bbox 215 390 2545 456; baseline 0.001 -12"><span class='ocrx_word' id='word_1_15' title='bbox 215 400 376 456; x_wconf 65' lang='lat' dir='ltr'><strong>quidem</strong></span> <span class='ocrx_word' id='word_1_16' title='bbox 412 400 514 443; x_wconf 75' lang='lat' dir='ltr'><strong>duas</strong></span> <span class='ocrx_word' id='word_1_17' title='bbox 550 406 688 456; x_wconf 75' lang='lat' dir='ltr'><strong>partes</strong></span> <span class='ocrx_word' id='word_1_18' title='bbox 717 400 970 455; x_wconf 68' lang='lat' dir='ltr'><strong>distinguere</strong></span> <span class='ocrx_word' id='word_1_19' title='bbox 993 390 1116 451; x_wconf 62' lang='lat' dir='ltr'><strong>lion,</strong></span> <span class='ocrx_word' id='word_1_20' title='bbox 1152 395 1322 454; x_wconf 70' lang='lat' dir='ltr'><strong>quarum</strong></span> <span class='ocrx_word' id='word_1_21' title='bbox 1350 398 1480 444; x_wconf 74' lang='lat' dir='ltr'><strong>alter·</strong></span> <span class='ocrx_word' id='word_1_22' title='bbox 1510 400 1751 453; x_wconf 76' lang='lat' dir='ltr'><strong>ostenditur,</strong></span> <span class='ocrx_word' id='word_1_23' title='bbox 1786 412 1889 455; x_wconf 71' lang='lat' dir='ltr'><strong>quae</strong></span> <span class='ocrx_word' id='word_1_24' title='bbox 1920 401 2133 455; x_wconf 74' lang='lat' dir='ltr'><strong>utriusque</strong></span> <span class='ocrx_word' id='word_1_25' title='bbox 2163 403 2288 455; x_wconf 60' lang='lat' dir='ltr'><strong>parus</strong></span> <span class='ocrx_word' id='word_1_26' title='bbox 2316 407 2360 445; x_wconf 86' lang='lat' dir='ltr'><strong>et</strong></span> <span class='ocrx_word' id='word_1_27' title='bbox 2392 403 2545 446; x_wconf 70' lang='lat' dir='ltr'><strong>aniam</strong></span> 
     </span>
     <span class='ocr_line' id='line_1_4' title="bbox 215 470 2543 531; baseline 0 -14"><span class='ocrx_word' id='word_1_28' title='bbox 215 480 259 517; x_wconf 80' lang='lat' dir='ltr'><strong>et</strong></span> <span class='ocrx_word' id='word_1_29' title='bbox 285 474 429 517; x_wconf 82' lang='lat' dir='ltr'><strong>mentis</strong></span> <span class='ocrx_word' id='word_1_30' title='bbox 456 474 511 516; x_wconf 77' lang='lat' dir='ltr'><strong>sit</strong></span> <span class='ocrx_word' id='word_1_31' title='bbox 538 480 681 517; x_wconf 69' lang='lat' dir='ltr'><strong>neutra</strong></span> <span class='ocrx_word' id='word_1_32' title='bbox 700 479 746 517; x_wconf 86' lang='lat' dir='ltr'><strong>et</strong></span> <span class='ocrx_word' id='word_1_33' title='bbox 768 473 970 527; x_wconf 65' lang='lat' dir='ltr'><strong>miomodo</strong></span> <span class='ocrx_word' id='word_1_34' title='bbox 988 472 1093 516; x_wconf 73' lang='lat' dir='ltr'><strong>duae</strong></span> <span class='ocrx_word' id='word_1_35' title='bbox 1120 472 1213 517; x_wconf 77' lang='lat' dir='ltr'><strong>illae</strong></span> <span class='ocrx_word' id='word_1_36' title='bbox 1240 478 1378 526; x_wconf 81' lang='lat' dir='ltr'><strong>partes</strong></span> <span class='ocrx_word' id='word_1_37' title='bbox 1404 473 1509 516; x_wconf 78' lang='lat' dir='ltr'><strong>iuter</strong></span> <span class='ocrx_word' id='word_1_38' title='bbox 1525 482 1573 517; x_wconf 75' lang='lat' dir='ltr'><strong>se</strong></span> <span class='ocrx_word' id='word_1_39' title='bbox 1599 473 1682 517; x_wconf 83' lang='lat' dir='ltr'><strong>sint</strong></span> <span class='ocrx_word' id='word_1_40' title='bbox 1709 474 1855 517; x_wconf 80' lang='lat' dir='ltr'><strong>mixtae</strong></span> <span class='ocrx_word' id='word_1_41' title='bbox 1872 478 1914 516; x_wconf 88' lang='lat' dir='ltr'><strong>et</strong></span> <span class='ocrx_word' id='word_1_42' title='bbox 1929 479 2144 517; x_wconf 75' lang='lat' dir='ltr'><strong>contextae</strong></span> <span class='ocrx_word' id='word_1_43' title='bbox 2170 474 2240 531; x_wconf 80' lang='lat' dir='ltr'><strong>(v.</strong></span> <span class='ocrx_word' id='word_1_44' title='bbox 2263 470 2543 531; x_wconf 44' lang='lat' dir='ltr'><strong>tao—4323„</strong></span> 
     </span>
     <span class='ocr_line' id='line_1_5' title="bbox 214 545 2596 604; baseline 0 -14"><span class='ocrx_word' id='word_1_45' title='bbox 214 548 353 601; x_wconf 77' lang='lat' dir='ltr'><strong>altera,</strong></span> <span class='ocrx_word' id='word_1_46' title='bbox 389 560 496 602; x_wconf 81' lang='lat' dir='ltr'><strong>quae</strong></span> <span class='ocrx_word' id='word_1_47' title='bbox 526 548 766 590; x_wconf 78' lang='lat' dir='ltr'><strong>commixtae</strong></span> <span class='ocrx_word' id='word_1_48' title='bbox 801 547 911 590; x_wconf 81' lang='lat' dir='ltr'><strong>illius</strong></span> <span class='ocrx_word' id='word_1_49' title='bbox 949 552 1117 589; x_wconf 71' lang='lat' dir='ltr'><strong>naturae</strong></span> <span class='ocrx_word' id='word_1_50' title='bbox 1144 547 1197 589; x_wconf 81' lang='lat' dir='ltr'><strong>sit</strong></span> <span class='ocrx_word' id='word_1_51' title='bbox 1233 558 1325 589; x_wconf 83' lang='lat' dir='ltr'><strong>cum</strong></span> <span class='ocrx_word' id='word_1_52' title='bbox 1354 557 1528 599; x_wconf 84' lang='lat' dir='ltr'><strong>corpore</strong></span> <span class='ocrx_word' id='word_1_53' title='bbox 1553 547 1785 594; x_wconf 79' lang='lat' dir='ltr'><strong>coniunctio</strong></span> <span class='ocrx_word' id='word_1_54' title='bbox 1813 546 1883 603; x_wconf 84' lang='lat' dir='ltr'><strong>(v.</strong></span> <span class='ocrx_word' id='word_1_55' title='bbox 1907 545 2179 604; x_wconf 69' lang='lat' dir='ltr'><strong>aza—41⁷).</strong></span> <span class='ocrx_word' id='word_1_56' title='bbox 2236 548 2363 591; x_wconf 79' lang='lat' dir='ltr'><strong>Simili</strong></span> <span class='ocrx_word' id='word_1_57' title='bbox 2389 549 2544 592; x_wconf 78' lang='lat' dir='ltr'><strong>ratione</strong></span> <span class='ocrx_word' id='word_1_58' title='bbox 2593 596 2596 600; x_wconf 55' lang='grc'>,</span> 
     </span>
     <span class='ocr_line' id='line_1_6' title="bbox 214 613 2545 675; baseline 0.001 -13"><span class='ocrx_word' id='word_1_59' title='bbox 214 621 313 662; x_wconf 73' lang='lat' dir='ltr'><strong>baec</strong></span> <span class='ocrx_word' id='word_1_60' title='bbox 348 613 584 675; x_wconf 70' lang='lat' dir='ltr'><strong>argumenta</strong></span> <span class='ocrx_word' id='word_1_61' title='bbox 620 620 750 673; x_wconf 83' lang='lat' dir='ltr'><strong>ipsum</strong></span> <span class='ocrx_word' id='word_1_62' title='bbox 787 624 983 662; x_wconf 79' lang='lat' dir='ltr'><strong>tractasse</strong></span> <span class='ocrx_word' id='word_1_63' title='bbox 1020 619 1258 673; x_wconf 77' lang='lat' dir='ltr'><strong>magistrum</strong></span> <span class='ocrx_word' id='word_1_64' title='bbox 1294 630 1348 660; x_wconf 80' lang='lat' dir='ltr'><strong>ex</strong></span> <span class='ocrx_word' id='word_1_65' title='bbox 1381 619 1541 671; x_wconf 64' lang='lat' dir='ltr'><strong>paucis,</strong></span> <span class='ocrx_word' id='word_1_66' title='bbox 1570 631 1669 673; x_wconf 84' lang='lat' dir='ltr'><strong>quas</strong></span> <span class='ocrx_word' id='word_1_67' title='bbox 1701 619 1908 675; x_wconf 74' lang='lat' dir='ltr'>Diogenes</span> <span class='ocrx_word' id='word_1_68' title='bbox 1923 620 2107 662; x_wconf 76' lang='lat' dir='ltr'><strong>Laertius</strong></span> <span class='ocrx_word' id='word_1_69' title='bbox 2140 621 2332 673; x_wconf 78' lang='lat' dir='ltr'><strong>servavit,</strong></span> <span class='ocrx_word' id='word_1_70' title='bbox 2357 621 2545 675; x_wconf 81' lang='lat' dir='ltr'><strong>Epicurei</strong></span> 
     </span>
     <span class='ocr_line' id='line_1_7' title="bbox 213 690 2541 748; baseline 0 -11"><span class='ocrx_word' id='word_1_71' title='bbox 213 694 350 747; x_wconf 77' lang='lat' dir='ltr'><strong>operis</strong></span> <span class='ocrx_word' id='word_1_72' title='bbox 386 694 568 748; x_wconf 87' lang='lat' dir='ltr'><strong>reliquiis</strong></span> <span class='ocrx_word' id='word_1_73' title='bbox 604 693 753 736; x_wconf 84' lang='lat' dir='ltr'><strong>coniici</strong></span> <span class='ocrx_word' id='word_1_74' title='bbox 790 697 921 746; x_wconf 86' lang='lat' dir='ltr'><strong>potest</strong></span> <span class='ocrx_word' id='word_1_75' title='bbox 957 692 1053 748; x_wconf 82' lang='lat' dir='ltr'><strong>(lib.</strong></span> <span class='ocrx_word' id='word_1_76' title='bbox 1093 692 1135 731; x_wconf 87' lang='lat' dir='ltr'>X</span> <span class='ocrx_word' id='word_1_77' title='bbox 1173 690 1398 747; x_wconf 80' lang='lat'>63—66);</span> <span class='ocrx_word' id='word_1_78' title='bbox 1436 693 1477 734; x_wconf 89' lang='lat' dir='ltr'><strong>in</strong></span> <span class='ocrx_word' id='word_1_79' title='bbox 1515 693 1661 746; x_wconf 84' lang='lat' dir='ltr'><strong>quibus</strong></span> <span class='ocrx_word' id='word_1_80' title='bbox 1697 705 1799 748; x_wconf 85' lang='lat' dir='ltr'><strong>quae</strong></span> <span class='ocrx_word' id='word_1_81' title='bbox 1836 695 2016 737; x_wconf 83' lang='lat' dir='ltr'><strong>sectione</strong></span> <span class='ocrx_word' id='word_1_82' title='bbox 2042 693 2100 736; x_wconf 78' lang='lat'><strong>63</strong></span> <span class='ocrx_word' id='word_1_83' title='bbox 2128 695 2385 739; x_wconf 88' lang='lat' dir='ltr'><strong>continentur</strong></span> <span class='ocrx_word' id='word_1_84' title='bbox 2413 697 2541 738; x_wconf 77' lang='lat' dir='ltr'><strong>maio-</strong></span> 
     </span>
     <span class='ocr_line' id='line_1_8' title="bbox 212 766 2542 822; baseline 0 -12"><span class='ocrx_word' id='word_1_85' title='bbox 212 780 301 810; x_wconf 75' lang='lat' dir='ltr'><strong>rem</strong></span> <span class='ocrx_word' id='word_1_86' title='bbox 329 774 485 821; x_wconf 73' lang='lat' dir='ltr'><strong>partem</strong></span> <span class='ocrx_word' id='word_1_87' title='bbox 512 772 696 821; x_wconf 76' lang='lat' dir='ltr'><strong>spectant</strong></span> <span class='ocrx_word' id='word_1_88' title='bbox 722 767 773 808; x_wconf 84' lang='lat' dir='ltr'><strong>ad</strong></span> <span class='ocrx_word' id='word_1_89' title='bbox 802 766 1106 820; x_wconf 77' lang='lat' dir='ltr'><strong>disputationem</strong></span> <span class='ocrx_word' id='word_1_90' title='bbox 1136 766 1324 819; x_wconf 82' lang='lat' dir='ltr'><strong>priorem,</strong></span> <span class='ocrx_word' id='word_1_91' title='bbox 1349 777 1453 817; x_wconf 86' lang='lat' dir='ltr'><strong>quae</strong></span> <span class='ocrx_word' id='word_1_92' title='bbox 1480 767 1795 820; x_wconf 83' lang='lat' dir='ltr'><strong>subsequuntur,</strong></span> <span class='ocrx_word' id='word_1_93' title='bbox 1823 767 1876 808; x_wconf 85' lang='lat' dir='ltr'><strong>ad</strong></span> <span class='ocrx_word' id='word_1_94' title='bbox 1903 774 2059 822; x_wconf 86' lang='lat' dir='ltr'><strong>partem</strong></span> <span class='ocrx_word' id='word_1_95' title='bbox 2087 769 2366 822; x_wconf 76' lang='lat' dir='ltr'><strong>posteriorem.</strong></span> <span class='ocrx_word' id='word_1_96' title='bbox 2420 769 2542 811; x_wconf 88' lang='lat' dir='ltr'><strong>Utra-</strong></span> 
     </span>
     <span class='ocr_line' id='line_1_9' title="bbox 212 840 2542 897; baseline 0 -13"><span class='ocrx_word' id='word_1_97' title='bbox 212 855 293 896; x_wconf 90' lang='lat' dir='ltr'><strong>que</strong></span> <span class='ocrx_word' id='word_1_98' title='bbox 330 847 462 884; x_wconf 88' lang='lat' dir='ltr'><strong>autem</strong></span> <span class='ocrx_word' id='word_1_99' title='bbox 491 840 727 883; x_wconf 82' lang='lat' dir='ltr'><strong>Lucretiana</strong></span> <span class='ocrx_word' id='word_1_100' title='bbox 765 840 979 894; x_wconf 87' lang='lat' dir='ltr'><strong>disputatio</strong></span> <span class='ocrx_word' id='word_1_101' title='bbox 1014 841 1068 882; x_wconf 87' lang='lat' dir='ltr'><strong>ita</strong></span> <span class='ocrx_word' id='word_1_102' title='bbox 1104 846 1167 882; x_wconf 90' lang='lat' dir='ltr'><strong>est</strong></span> <span class='ocrx_word' id='word_1_103' title='bbox 1195 846 1445 892; x_wconf 78' lang='lat' dir='ltr'><strong>comparata,</strong></span> <span class='ocrx_word' id='word_1_104' title='bbox 1487 845 1532 881; x_wconf 85' lang='lat' dir='ltr'><strong>ut</strong></span> <span class='ocrx_word' id='word_1_105' title='bbox 1560 852 1615 897; x_wconf 24' lang='lat' dir='ltr'><strong>ex.</strong></span> <span class='ocrx_word' id='word_1_106' title='bbox 1652 841 1780 882; x_wconf 90' lang='lat' dir='ltr'><strong>tribus</strong></span> <span class='ocrx_word' id='word_1_107' title='bbox 1809 848 1976 884; x_wconf 85' lang='lat' dir='ltr'><strong>naturae</strong></span> <span class='ocrx_word' id='word_1_108' title='bbox 2004 848 2167 884; x_wconf 87' lang='lat' dir='ltr'><strong>nostrae</strong></span> <span class='ocrx_word' id='word_1_109' title='bbox 2194 843 2373 896; x_wconf 85' lang='lat' dir='ltr'><strong>partibus</strong></span> <span class='ocrx_word' id='word_1_110' title='bbox 2391 875 2403 895; x_wconf 90' lang='lat'><strong>‚</strong></span> <span class='ocrx_word' id='word_1_111' title='bbox 2440 857 2542 897; x_wconf 82' lang='lat' dir='ltr'><strong>quae</strong></span> 
     </span>
     <span class='ocr_line' id='line_1_10' title="bbox 211 901 2540 970; baseline 0.001 -12"><span class='ocrx_word' id='word_1_112' title='bbox 211 915 412 959; x_wconf 81' lang='lat' dir='ltr'><strong>artissimo</strong></span> <span class='ocrx_word' id='word_1_113' title='bbox 442 914 604 957; x_wconf 86' lang='lat' dir='ltr'><strong>vinculo</strong></span> <span class='ocrx_word' id='word_1_114' title='bbox 633 915 740 958; x_wconf 88' lang='lat' dir='ltr'><strong>iuter</strong></span> <span class='ocrx_word' id='word_1_115' title='bbox 767 926 813 957; x_wconf 85' lang='lat' dir='ltr'><strong>se</strong></span> <span class='ocrx_word' id='word_1_116' title='bbox 843 914 1053 970; x_wconf 79' lang='lat' dir='ltr'><strong>colligatae</strong></span> <span class='ocrx_word' id='word_1_117' title='bbox 1082 920 1200 968; x_wconf 91' lang='lat' dir='ltr'><strong>atque</strong></span> <span class='ocrx_word' id='word_1_118' title='bbox 1228 913 1449 968; x_wconf 78' lang='lat' dir='ltr'><strong>implicatae</strong></span> <span class='ocrx_word' id='word_1_119' title='bbox 1477 924 1625 968; x_wconf 88' lang='lat' dir='ltr'><strong>corpus</strong></span> <span class='ocrx_word' id='word_1_120' title='bbox 1654 914 1830 958; x_wconf 84' lang='lat' dir='ltr'><strong>efficiunt</strong></span> <span class='ocrx_word' id='word_1_121' title='bbox 1857 928 1980 959; x_wconf 89' lang='lat' dir='ltr'><strong>unum</strong></span> <span class='ocrx_word' id='word_1_122' title='bbox 2009 928 2056 959; x_wconf 78' lang='lat' dir='ltr'><strong>ac</strong></span> <span class='ocrx_word' id='word_1_123' title='bbox 2084 923 2224 969; x_wconf 90' lang='lat' dir='ltr'><strong>totum,</strong></span> <span class='ocrx_word' id='word_1_124' title='bbox 2253 929 2365 960; x_wconf 88' lang='lat' dir='ltr'><strong>mens</strong></span> <span class='ocrx_word' id='word_1_125' title='bbox 2393 901 2540 960; x_wconf 81' lang='lat' dir='ltr'><strong>effera-</strong></span> 
     </span>
     <span class='ocr_line' id='line_1_11' title="bbox 152 976 2541 1046; baseline 0 -13"><span class='ocrx_word' id='word_1_126' title='bbox 152 976 157 979; x_wconf 48' lang='lat'><em>⁷</em></span> <span class='ocrx_word' id='word_1_127' title='bbox 212 997 278 1033; x_wconf 88' lang='lat' dir='ltr'><strong>tur</strong></span> <span class='ocrx_word' id='word_1_128' title='bbox 306 997 490 1045; x_wconf 79' lang='lat' dir='ltr'><strong>tanquam</strong></span> <span class='ocrx_word' id='word_1_129' title='bbox 518 991 706 1044; x_wconf 87' lang='lat' dir='ltr'><strong>princeps</strong></span> <span class='ocrx_word' id='word_1_130' title='bbox 735 1001 828 1043; x_wconf 90' lang='lat' dir='ltr'><strong>pars</strong></span> <span class='ocrx_word' id='word_1_131' title='bbox 860 995 902 1031; x_wconf 88' lang='lat' dir='ltr'><strong>et</strong></span> <span class='ocrx_word' id='word_1_132' title='bbox 923 990 1075 1036; x_wconf 86' lang='lat' dir='ltr'><strong>animae</strong></span> <span class='ocrx_word' id='word_1_133' title='bbox 1103 989 1366 1042; x_wconf 80' lang='lat' dir='ltr'><strong>corporisque</strong></span> <span class='ocrx_word' id='word_1_134' title='bbox 1393 988 1563 1029; x_wconf 87' lang='lat' dir='ltr'><strong>domina.</strong></span> <span class='ocrx_word' id='word_1_135' title='bbox 1602 989 1712 1038; x_wconf 79' lang='lat' dir='ltr'><strong>Quae</strong></span> <span class='ocrx_word' id='word_1_136' title='bbox 1738 991 1936 1032; x_wconf 80' lang='lat' dir='ltr'><strong>sententia</strong></span> <span class='ocrx_word' id='word_1_137' title='bbox 1958 1002 2051 1032; x_wconf 89' lang='lat' dir='ltr'><strong>cum</strong></span> <span class='ocrx_word' id='word_1_138' title='bbox 2080 991 2120 1031; x_wconf 89' lang='lat' dir='ltr'><strong>in</strong></span> <span class='ocrx_word' id='word_1_139' title='bbox 2147 991 2258 1033; x_wconf 91' lang='lat' dir='ltr'><strong>initio</strong></span> <span class='ocrx_word' id='word_1_140' title='bbox 2282 999 2541 1046; x_wconf 80' lang='lat' dir='ltr'><strong>argumenta-</strong></span> 
     </span>
     <span class='ocr_line' id='line_1_12' title="bbox 212 1062 2537 1120; baseline 0 -13"><span class='ocrx_word' id='word_1_141' title='bbox 212 1064 331 1107; x_wconf 85' lang='lat' dir='ltr'><strong>tionis</strong></span> <span class='ocrx_word' id='word_1_142' title='bbox 358 1064 489 1118; x_wconf 88' lang='lat' dir='ltr'><strong>posita</strong></span> <span class='ocrx_word' id='word_1_143' title='bbox 527 1064 569 1105; x_wconf 90' lang='lat' dir='ltr'><strong>in</strong></span> <span class='ocrx_word' id='word_1_144' title='bbox 598 1063 678 1105; x_wconf 87' lang='lat' dir='ltr'><strong>fine</strong></span> <span class='ocrx_word' id='word_1_145' title='bbox 706 1068 929 1117; x_wconf 88' lang='lat' dir='ltr'><strong>repetatur,</strong></span> <span class='ocrx_word' id='word_1_146' title='bbox 967 1063 1009 1104; x_wconf 91' lang='lat' dir='ltr'><strong>in</strong></span> <span class='ocrx_word' id='word_1_147' title='bbox 1038 1074 1087 1105; x_wconf 89' lang='lat' dir='ltr'><strong>ea</strong></span> <span class='ocrx_word' id='word_1_148' title='bbox 1122 1062 1281 1118; x_wconf 81' lang='lat' dir='ltr'><strong>singula</strong></span> <span class='ocrx_word' id='word_1_149' title='bbox 1310 1063 1544 1117; x_wconf 76' lang='lat' dir='ltr'><strong>argumenta</strong></span> <span class='ocrx_word' id='word_1_150' title='bbox 1575 1062 1687 1105; x_wconf 88' lang='lat' dir='ltr'><strong>coire</strong></span> <span class='ocrx_word' id='word_1_151' title='bbox 1723 1069 1764 1106; x_wconf 88' lang='lat' dir='ltr'><strong>et</strong></span> <span class='ocrx_word' id='word_1_152' title='bbox 1800 1064 1913 1116; x_wconf 88' lang='lat' dir='ltr'><strong>quasi</strong></span> <span class='ocrx_word' id='word_1_153' title='bbox 1949 1065 1989 1106; x_wconf 92' lang='lat' dir='ltr'><strong>in</strong></span> <span class='ocrx_word' id='word_1_154' title='bbox 2028 1077 2150 1106; x_wconf 92' lang='lat' dir='ltr'><strong>unum</strong></span> <span class='ocrx_word' id='word_1_155' title='bbox 2188 1063 2323 1119; x_wconf 85' lang='lat' dir='ltr'><strong>colligi</strong></span> <span class='ocrx_word' id='word_1_156' title='bbox 2362 1074 2537 1120; x_wconf 89' lang='lat' dir='ltr'><strong>apparet.</strong></span> 
     </span>
    </p>
   </div>
   <div class='ocr_carea' id='block_1_3' title="bbox 210 1136 1908 1262">
    <p class='ocr_par' dir='ltr' id='par_1_3' title="bbox 210 1136 1908 1262">
     <span class='ocr_line' id='line_1_13' title="bbox 210 1136 1333 1192; baseline -0.004 -11"><span class='ocrx_word' id='word_1_157' title='bbox 210 1138 349 1192; x_wconf 74' lang='lat' dir='ltr'><strong>ltaque</strong></span> <span class='ocrx_word' id='word_1_158' title='bbox 374 1138 585 1181; x_wconf 86' lang='lat' dir='ltr'><strong>Lucretius</strong></span> <span class='ocrx_word' id='word_1_159' title='bbox 611 1137 824 1180; x_wconf 86' lang='lat' dir='ltr'><strong>exordium</strong></span> <span class='ocrx_word' id='word_1_160' title='bbox 853 1136 947 1178; x_wconf 81' lang='lat' dir='ltr'><strong>facit</strong></span> <span class='ocrx_word' id='word_1_161' title='bbox 973 1136 1035 1177; x_wconf 89' lang='lat' dir='ltr'><strong>his</strong></span> <span class='ocrx_word' id='word_1_162' title='bbox 1063 1136 1248 1178; x_wconf 87' lang='lat' dir='ltr'><strong>versibus</strong></span> <span class='ocrx_word' id='word_1_163' title='bbox 1269 1136 1333 1189; x_wconf 84' lang='lat'><strong>¹):</strong></span> 
     </span>
     <span class='ocr_line' id='line_1_14' title="bbox 727 1209 1908 1262; baseline -0.001 -10"><span class='ocrx_word' id='word_1_164' title='bbox 727 1210 844 1252; x_wconf 88' lang='lat' dir='ltr'><strong>Nunc</strong></span> <span class='ocrx_word' id='word_1_165' title='bbox 874 1210 1046 1251; x_wconf 89' lang='lat' dir='ltr'><strong>animum</strong></span> <span class='ocrx_word' id='word_1_166' title='bbox 1075 1215 1193 1262; x_wconf 87' lang='lat' dir='ltr'><strong>atque</strong></span> <span class='ocrx_word' id='word_1_167' title='bbox 1222 1210 1389 1250; x_wconf 85' lang='lat' dir='ltr'><strong>animam</strong></span> <span class='ocrx_word' id='word_1_168' title='bbox 1419 1209 1508 1250; x_wconf 90' lang='lat' dir='ltr'><strong>dico</strong></span> <span class='ocrx_word' id='word_1_169' title='bbox 1539 1210 1749 1252; x_wconf 88' lang='lat' dir='ltr'><strong>coniuncta</strong></span> <span class='ocrx_word' id='word_1_170' title='bbox 1779 1212 1908 1252; x_wconf 89' lang='lat' dir='ltr'><strong>teneri</strong></span> 
     </span>
    </p>
   </div>
   <div class='ocr_carea' id='block_1_4' title="bbox 200 1283 2534 2592">
    <p class='ocr_par' dir='ltr' id='par_1_4' title="bbox 727 1283 1811 1336">
     <span class='ocr_line' id='line_1_15' title="bbox 727 1283 1811 1336; baseline -0.001 -10"><span class='ocrx_word' id='word_1_171' title='bbox 727 1285 833 1326; x_wconf 91' lang='lat' dir='ltr'><strong>inter</strong></span> <span class='ocrx_word' id='word_1_172' title='bbox 863 1296 909 1325; x_wconf 89' lang='lat' dir='ltr'><strong>se</strong></span> <span class='ocrx_word' id='word_1_173' title='bbox 937 1289 1055 1336; x_wconf 89' lang='lat' dir='ltr'><strong>atque</strong></span> <span class='ocrx_word' id='word_1_174' title='bbox 1083 1295 1202 1323; x_wconf 90' lang='lat' dir='ltr'><strong>unam</strong></span> <span class='ocrx_word' id='word_1_175' title='bbox 1230 1288 1410 1324; x_wconf 89' lang='lat' dir='ltr'><strong>naturam</strong></span> <span class='ocrx_word' id='word_1_176' title='bbox 1439 1283 1640 1325; x_wconf 86' lang='lat' dir='ltr'><strong>conficere</strong></span> <span class='ocrx_word' id='word_1_177' title='bbox 1670 1296 1721 1325; x_wconf 85' lang='lat' dir='ltr'><strong>ex</strong></span> <span class='ocrx_word' id='word_1_178' title='bbox 1751 1296 1811 1334; x_wconf 90' lang='lat' dir='ltr'><strong>se,</strong></span> 
     </span>
    </p>

    <p class='ocr_par' dir='ltr' id='par_1_5' title="bbox 731 1356 1892 1411">
     <span class='ocr_line' id='line_1_16' title="bbox 731 1356 1892 1411; baseline -0.001 -11"><span class='ocrx_word' id='word_1_179' title='bbox 731 1358 803 1400; x_wconf 90' lang='lat' dir='ltr'><strong>sed</strong></span> <span class='ocrx_word' id='word_1_180' title='bbox 833 1364 952 1411; x_wconf 87' lang='lat' dir='ltr'><strong>caput</strong></span> <span class='ocrx_word' id='word_1_181' title='bbox 980 1369 1070 1399; x_wconf 88' lang='lat' dir='ltr'><strong>esse</strong></span> <span class='ocrx_word' id='word_1_182' title='bbox 1098 1356 1212 1410; x_wconf 87' lang='lat' dir='ltr'><strong>quasi</strong></span> <span class='ocrx_word' id='word_1_183' title='bbox 1240 1362 1282 1399; x_wconf 90' lang='lat' dir='ltr'><strong>et</strong></span> <span class='ocrx_word' id='word_1_184' title='bbox 1311 1356 1505 1399; x_wconf 90' lang='lat' dir='ltr'><strong>dominari</strong></span> <span class='ocrx_word' id='word_1_185' title='bbox 1534 1357 1575 1399; x_wconf 91' lang='lat' dir='ltr'><strong>in</strong></span> <span class='ocrx_word' id='word_1_186' title='bbox 1605 1369 1779 1411; x_wconf 87' lang='lat' dir='ltr'><strong>corpore</strong></span> <span class='ocrx_word' id='word_1_187' title='bbox 1808 1363 1892 1400; x_wconf 91' lang='lat' dir='ltr'><strong>toto</strong></span> 
     </span>
    </p>

    <p class='ocr_par' dir='ltr' id='par_1_6' title="bbox 210 1431 2075 1559">
     <span class='ocr_line' id='line_1_17' title="bbox 729 1431 1916 1484; baseline 0 -12"><span class='ocrx_word' id='word_1_188' title='bbox 729 1432 960 1483; x_wconf 91' lang='lat' dir='ltr'><strong>consilium,</strong></span> <span class='ocrx_word' id='word_1_189' title='bbox 989 1431 1096 1484; x_wconf 89' lang='lat' dir='ltr'><strong>quod</strong></span> <span class='ocrx_word' id='word_1_190' title='bbox 1126 1443 1200 1472; x_wconf 90' lang='lat' dir='ltr'><strong>nos</strong></span> <span class='ocrx_word' id='word_1_191' title='bbox 1230 1432 1402 1471; x_wconf 91' lang='lat' dir='ltr'><strong>animum</strong></span> <span class='ocrx_word' id='word_1_192' title='bbox 1431 1436 1685 1484; x_wconf 84' lang='lat' dir='ltr'><strong>mentemque</strong></span> <span class='ocrx_word' id='word_1_193' title='bbox 1714 1443 1916 1473; x_wconf 90' lang='lat' dir='ltr'><strong>vocamus.</strong></span> 
     </span>
     <span class='ocr_line' id='line_1_18' title="bbox 210 1503 2075 1559; baseline -0.001 -11"><span class='ocrx_word' id='word_1_194' title='bbox 210 1506 353 1548; x_wconf 67' lang='lat' dir='ltr'><strong>Uentis</strong></span> <span class='ocrx_word' id='word_1_195' title='bbox 380 1505 519 1548; x_wconf 88' lang='lat' dir='ltr'><strong>sedem</strong></span> <span class='ocrx_word' id='word_1_196' title='bbox 548 1506 589 1547; x_wconf 91' lang='lat' dir='ltr'><strong>in</strong></span> <span class='ocrx_word' id='word_1_197' title='bbox 619 1510 784 1559; x_wconf 79' lang='lat' dir='ltr'><strong>pectore</strong></span> <span class='ocrx_word' id='word_1_198' title='bbox 813 1504 1005 1556; x_wconf 88' lang='lat' dir='ltr'><strong>collocat,</strong></span> <span class='ocrx_word' id='word_1_199' title='bbox 1034 1503 1200 1544; x_wconf 87' lang='lat' dir='ltr'><strong>animam</strong></span> <span class='ocrx_word' id='word_1_200' title='bbox 1231 1505 1351 1547; x_wconf 88' lang='lat' dir='ltr'><strong>menti</strong></span> <span class='ocrx_word' id='word_1_201' title='bbox 1380 1516 1524 1558; x_wconf 88' lang='lat' dir='ltr'><strong>parere</strong></span> <span class='ocrx_word' id='word_1_202' title='bbox 1553 1515 1678 1558; x_wconf 91' lang='lat' dir='ltr'><strong>eaque</strong></span> <span class='ocrx_word' id='word_1_203' title='bbox 1708 1505 1861 1547; x_wconf 88' lang='lat' dir='ltr'><strong>moveri</strong></span> <span class='ocrx_word' id='word_1_204' title='bbox 1890 1504 1984 1547; x_wconf 86' lang='lat' dir='ltr'><strong>dicit</strong></span> <span class='ocrx_word' id='word_1_205' title='bbox 2007 1503 2075 1559; x_wconf 86' lang='lat'><strong>2):</strong></span> 
     </span>
    </p>

    <p class='ocr_par' dir='ltr' id='par_1_7' title="bbox 730 1579 1770 1631">
     <span class='ocr_line' id='line_1_19' title="bbox 730 1579 1770 1631; baseline 0 -11"><span class='ocrx_word' id='word_1_206' title='bbox 730 1585 866 1620; x_wconf 86' lang='lat' dir='ltr'><strong>cetera</strong></span> <span class='ocrx_word' id='word_1_207' title='bbox 896 1590 988 1631; x_wconf 91' lang='lat' dir='ltr'><strong>pars</strong></span> <span class='ocrx_word' id='word_1_208' title='bbox 1018 1579 1171 1624; x_wconf 84' lang='lat' dir='ltr'><strong>animae</strong></span> <span class='ocrx_word' id='word_1_209' title='bbox 1200 1590 1272 1630; x_wconf 88' lang='lat' dir='ltr'><strong>per</strong></span> <span class='ocrx_word' id='word_1_210' title='bbox 1301 1584 1426 1620; x_wconf 92' lang='lat' dir='ltr'><strong>totum</strong></span> <span class='ocrx_word' id='word_1_211' title='bbox 1457 1579 1593 1621; x_wconf 87' lang='lat' dir='ltr'><strong>dissita</strong></span> <span class='ocrx_word' id='word_1_212' title='bbox 1623 1591 1770 1631; x_wconf 91' lang='lat' dir='ltr'><strong>corpus</strong></span> 
     </span>
    </p>

    <p class='ocr_par' dir='ltr' id='par_1_8' title="bbox 209 1652 2530 1781">
     <span class='ocr_line' id='line_1_20' title="bbox 726 1652 1827 1705; baseline -0.002 -12"><span class='ocrx_word' id='word_1_213' title='bbox 726 1657 839 1705; x_wconf 89' lang='lat' dir='ltr'><strong>paret</strong></span> <span class='ocrx_word' id='word_1_214' title='bbox 868 1657 908 1693; x_wconf 87' lang='lat' dir='ltr'><strong>et</strong></span> <span class='ocrx_word' id='word_1_215' title='bbox 937 1652 987 1693; x_wconf 87' lang='lat' dir='ltr'><strong>ad</strong></span> <span class='ocrx_word' id='word_1_216' title='bbox 1017 1663 1163 1693; x_wconf 90' lang='lat' dir='ltr'><strong>numen</strong></span> <span class='ocrx_word' id='word_1_217' title='bbox 1194 1652 1335 1694; x_wconf 88' lang='lat' dir='ltr'><strong>mentis</strong></span> <span class='ocrx_word' id='word_1_218' title='bbox 1365 1665 1601 1705; x_wconf 86' lang='lat' dir='ltr'><strong>momenque</strong></span> <span class='ocrx_word' id='word_1_219' title='bbox 1631 1659 1827 1695; x_wconf 88' lang='lat' dir='ltr'><strong>movetur.</strong></span> 
     </span>
     <span class='ocr_line' id='line_1_21' title="bbox 209 1724 2530 1781; baseline -0 -10"><span class='ocrx_word' id='word_1_220' title='bbox 209 1728 362 1771; x_wconf 86' lang='lat' dir='ltr'><strong>Deinde</strong></span> <span class='ocrx_word' id='word_1_221' title='bbox 398 1727 544 1781; x_wconf 87' lang='lat' dir='ltr'><strong>repetit</strong></span> <span class='ocrx_word' id='word_1_222' title='bbox 582 1725 645 1779; x_wconf 89' lang='lat' dir='ltr'><strong>id,</strong></span> <span class='ocrx_word' id='word_1_223' title='bbox 675 1725 781 1779; x_wconf 91' lang='lat' dir='ltr'><strong>quod</strong></span> <span class='ocrx_word' id='word_1_224' title='bbox 811 1731 925 1768; x_wconf 88' lang='lat' dir='ltr'><strong>antea</strong></span> <span class='ocrx_word' id='word_1_225' title='bbox 955 1724 1106 1777; x_wconf 87' lang='lat' dir='ltr'><strong>attulit,</strong></span> <span class='ocrx_word' id='word_1_226' title='bbox 1137 1731 1307 1768; x_wconf 88' lang='lat' dir='ltr'><strong>mentem</strong></span> <span class='ocrx_word' id='word_1_227' title='bbox 1336 1726 1460 1768; x_wconf 92' lang='lat' dir='ltr'><strong>solam</strong></span> <span class='ocrx_word' id='word_1_228' title='bbox 1489 1739 1562 1780; x_wconf 89' lang='lat' dir='ltr'><strong>per</strong></span> <span class='ocrx_word' id='word_1_229' title='bbox 1591 1738 1636 1768; x_wconf 92' lang='lat' dir='ltr'><strong>se</strong></span> <span class='ocrx_word' id='word_1_230' title='bbox 1665 1726 1739 1768; x_wconf 90' lang='lat' dir='ltr'><strong>sibi</strong></span> <span class='ocrx_word' id='word_1_231' title='bbox 1769 1737 1909 1779; x_wconf 88' lang='lat' dir='ltr'><strong>sapere</strong></span> <span class='ocrx_word' id='word_1_232' title='bbox 1948 1730 1989 1767; x_wconf 89' lang='lat' dir='ltr'><strong>et</strong></span> <span class='ocrx_word' id='word_1_233' title='bbox 2018 1725 2162 1768; x_wconf 90' lang='lat' dir='ltr'><strong>laetitia</strong></span> <span class='ocrx_word' id='word_1_234' title='bbox 2193 1726 2295 1769; x_wconf 87' lang='lat' dir='ltr'><strong>affici</strong></span> <span class='ocrx_word' id='word_1_235' title='bbox 2326 1739 2444 1781; x_wconf 90' lang='lat' dir='ltr'><strong>posse</strong></span> <span class='ocrx_word' id='word_1_236' title='bbox 2469 1728 2530 1781; x_wconf 77' lang='lat'><strong>³):</strong></span> 
     </span>
    </p>

    <p class='ocr_par' dir='ltr' id='par_1_9' title="bbox 728 1798 1814 1854">
     <span class='ocr_line' id='line_1_22' title="bbox 728 1798 1814 1854; baseline -0.001 -13"><span class='ocrx_word' id='word_1_237' title='bbox 728 1799 845 1852; x_wconf 90' lang='lat' dir='ltr'><strong>idque</strong></span> <span class='ocrx_word' id='word_1_238' title='bbox 875 1798 952 1840; x_wconf 89' lang='lat' dir='ltr'><strong>sibi</strong></span> <span class='ocrx_word' id='word_1_239' title='bbox 980 1799 1109 1840; x_wconf 90' lang='lat' dir='ltr'><strong>solum</strong></span> <span class='ocrx_word' id='word_1_240' title='bbox 1142 1812 1214 1852; x_wconf 87' lang='lat' dir='ltr'><strong>per</strong></span> <span class='ocrx_word' id='word_1_241' title='bbox 1242 1811 1287 1840; x_wconf 92' lang='lat' dir='ltr'><strong>se</strong></span> <span class='ocrx_word' id='word_1_242' title='bbox 1316 1799 1437 1852; x_wconf 87' lang='lat' dir='ltr'><strong>sapit:</strong></span> <span class='ocrx_word' id='word_1_243' title='bbox 1468 1799 1507 1840; x_wconf 91' lang='lat' dir='ltr'><strong>id</strong></span> <span class='ocrx_word' id='word_1_244' title='bbox 1536 1800 1611 1841; x_wconf 92' lang='lat' dir='ltr'><strong>sibi</strong></span> <span class='ocrx_word' id='word_1_245' title='bbox 1642 1800 1814 1854; x_wconf 85' lang='lat' dir='ltr'><strong>gaudet,</strong></span> 
     </span>
    </p>

    <p class='ocr_par' dir='ltr' id='par_1_10' title="bbox 200 1873 2534 2445">
     <span class='ocr_line' id='line_1_23' title="bbox 725 1873 1980 1927; baseline 0 -14"><span class='ocrx_word' id='word_1_246' title='bbox 725 1885 816 1914; x_wconf 90' lang='lat' dir='ltr'><strong>cum</strong></span> <span class='ocrx_word' id='word_1_247' title='bbox 848 1884 975 1926; x_wconf 89' lang='lat' dir='ltr'><strong>neque</strong></span> <span class='ocrx_word' id='word_1_248' title='bbox 1005 1885 1071 1913; x_wconf 88' lang='lat' dir='ltr'><strong>res</strong></span> <span class='ocrx_word' id='word_1_249' title='bbox 1099 1873 1266 1914; x_wconf 88' lang='lat' dir='ltr'><strong>animam</strong></span> <span class='ocrx_word' id='word_1_250' title='bbox 1297 1885 1427 1927; x_wconf 88' lang='lat' dir='ltr'><strong>neque</strong></span> <span class='ocrx_word' id='word_1_251' title='bbox 1457 1885 1603 1927; x_wconf 88' lang='lat' dir='ltr'><strong>corpus</strong></span> <span class='ocrx_word' id='word_1_252' title='bbox 1635 1878 1861 1915; x_wconf 90' lang='lat' dir='ltr'><strong>commovet</strong></span> <span class='ocrx_word' id='word_1_253' title='bbox 1890 1885 1980 1918; x_wconf 81' lang='lat' dir='ltr'><strong>una,</strong></span> 
     </span>
     <span class='ocr_line' id='line_1_24' title="bbox 208 1947 2532 2001; baseline -0.001 -10"><span class='ocrx_word' id='word_1_254' title='bbox 208 1949 283 1991; x_wconf 90' lang='lat' dir='ltr'><strong>Ubi</strong></span> <span class='ocrx_word' id='word_1_255' title='bbox 311 1960 410 1990; x_wconf 87' lang='lat' dir='ltr'><strong>vero</strong></span> <span class='ocrx_word' id='word_1_256' title='bbox 440 1959 553 1989; x_wconf 90' lang='lat' dir='ltr'><strong>mens</strong></span> <span class='ocrx_word' id='word_1_257' title='bbox 582 1947 840 1988; x_wconf 87' lang='lat' dir='ltr'><strong>vehementer</strong></span> <span class='ocrx_word' id='word_1_258' title='bbox 878 1953 1198 1998; x_wconf 80' lang='lat' dir='ltr'><strong>commoveatur,</strong></span> <span class='ocrx_word' id='word_1_259' title='bbox 1234 1952 1356 1988; x_wconf 89' lang='lat' dir='ltr'><strong>totam</strong></span> <span class='ocrx_word' id='word_1_260' title='bbox 1396 1948 1561 1989; x_wconf 91' lang='lat' dir='ltr'><strong>animam</strong></span> <span class='ocrx_word' id='word_1_261' title='bbox 1600 1949 1755 2001; x_wconf 87' lang='lat' dir='ltr'><strong>percuti</strong></span> <span class='ocrx_word' id='word_1_262' title='bbox 1792 1953 1833 1989; x_wconf 87' lang='lat' dir='ltr'><strong>et</strong></span> <span class='ocrx_word' id='word_1_263' title='bbox 1868 1947 1995 2000; x_wconf 89' lang='lat' dir='ltr'><strong>ipsum</strong></span> <span class='ocrx_word' id='word_1_264' title='bbox 2034 1947 2178 1989; x_wconf 87' lang='lat' dir='ltr'><strong>deinde</strong></span> <span class='ocrx_word' id='word_1_265' title='bbox 2217 1960 2363 2001; x_wconf 88' lang='lat' dir='ltr'><strong>corpus</strong></span> <span class='ocrx_word' id='word_1_266' title='bbox 2402 1948 2453 1990; x_wconf 86' lang='lat' dir='ltr'><strong>ici</strong></span> <span class='ocrx_word' id='word_1_267' title='bbox 2493 1955 2532 1990; x_wconf 90' lang='lat' dir='ltr'><strong>et</strong></span> 
     </span>
     <span class='ocr_line' id='line_1_25' title="bbox 206 2015 2534 2078; baseline 0 -14"><span class='ocrx_word' id='word_1_268' title='bbox 206 2015 378 2077; x_wconf 87' lang='lat' dir='ltr'><strong>propelli</strong></span> <span class='ocrx_word' id='word_1_269' title='bbox 392 2020 455 2078; x_wconf 70' lang='lat'><strong>¹⁶).</strong></span> <span class='ocrx_word' id='word_1_270' title='bbox 514 2021 627 2063; x_wconf 91' lang='lat' dir='ltr'><strong>Unde</strong></span> <span class='ocrx_word' id='word_1_271' title='bbox 656 2021 849 2074; x_wconf 83' lang='lat' dir='ltr'><strong>consequi</strong></span> <span class='ocrx_word' id='word_1_272' title='bbox 877 2021 961 2062; x_wconf 90' lang='lat' dir='ltr'><strong>vult</strong></span> <span class='ocrx_word' id='word_1_273' title='bbox 992 2022 1133 2063; x_wconf 89' lang='lat' dir='ltr'><strong>mentis</strong></span> <span class='ocrx_word' id='word_1_274' title='bbox 1163 2028 1203 2064; x_wconf 90' lang='lat' dir='ltr'><strong>et</strong></span> <span class='ocrx_word' id='word_1_275' title='bbox 1232 2022 1384 2063; x_wconf 89' lang='lat' dir='ltr'><strong>animae</strong></span> <span class='ocrx_word' id='word_1_276' title='bbox 1412 2027 1594 2063; x_wconf 89' lang='lat' dir='ltr'><strong>naturam</strong></span> <span class='ocrx_word' id='word_1_277' title='bbox 1624 2034 1714 2064; x_wconf 89' lang='lat' dir='ltr'><strong>esse</strong></span> <span class='ocrx_word' id='word_1_278' title='bbox 1743 2034 2002 2075; x_wconf 88' lang='lat' dir='ltr'><strong>corpoream:</strong></span> <span class='ocrx_word' id='word_1_279' title='bbox 2034 2022 2141 2075; x_wconf 89' lang='lat' dir='ltr'><strong>quod</strong></span> <span class='ocrx_word' id='word_1_280' title='bbox 2171 2021 2275 2063; x_wconf 89' lang='lat' dir='ltr'><strong>enim</strong></span> <span class='ocrx_word' id='word_1_281' title='bbox 2305 2028 2438 2078; x_wconf 85' lang='lat' dir='ltr'><strong>tangat</strong></span> <span class='ocrx_word' id='word_1_282' title='bbox 2468 2030 2534 2065; x_wconf 91' lang='lat' dir='ltr'><strong>aut</strong></span> 
     </span>
     <span class='ocr_line' id='line_1_26' title="bbox 204 2094 2533 2153; baseline -0 -15"><span class='ocrx_word' id='word_1_283' title='bbox 204 2102 413 2153; x_wconf 74' lang='lat' dir='ltr'><strong>tangatur,</strong></span> <span class='ocrx_word' id='word_1_284' title='bbox 454 2096 495 2138; x_wconf 90' lang='lat' dir='ltr'><strong>id</strong></span> <span class='ocrx_word' id='word_1_285' title='bbox 524 2096 757 2138; x_wconf 88' lang='lat' dir='ltr'><strong>necessario</strong></span> <span class='ocrx_word' id='word_1_286' title='bbox 786 2106 933 2148; x_wconf 91' lang='lat' dir='ltr'><strong>corpus</strong></span> <span class='ocrx_word' id='word_1_287' title='bbox 963 2106 1055 2136; x_wconf 89' lang='lat' dir='ltr'><strong>esse</strong></span> <span class='ocrx_word' id='word_1_288' title='bbox 1085 2094 1140 2150; x_wconf 81' lang='lat'><strong>⁵).</strong></span> <span class='ocrx_word' id='word_1_289' title='bbox 1200 2095 1351 2137; x_wconf 88' lang='lat' dir='ltr'><strong>Deinde</strong></span> <span class='ocrx_word' id='word_1_290' title='bbox 1390 2095 1685 2149; x_wconf 85' lang='lat' dir='ltr'><strong>transgreditur</strong></span> <span class='ocrx_word' id='word_1_291' title='bbox 1715 2107 1788 2146; x_wconf 87' lang='lat' dir='ltr'><strong>eo,</strong></span> <span class='ocrx_word' id='word_1_292' title='bbox 1832 2101 1876 2137; x_wconf 94' lang='lat' dir='ltr'><strong>ut</strong></span> <span class='ocrx_word' id='word_1_293' title='bbox 1914 2100 2120 2148; x_wconf 86' lang='lat' dir='ltr'><strong>utramque</strong></span> <span class='ocrx_word' id='word_1_294' title='bbox 2157 2103 2310 2148; x_wconf 86' lang='lat' dir='ltr'><strong>partem</strong></span> <span class='ocrx_word' id='word_1_295' title='bbox 2348 2104 2533 2139; x_wconf 78' lang='lat' dir='ltr'><strong>constare</strong></span> 
     </span>
     <span class='ocr_line' id='line_1_27' title="bbox 203 2169 2532 2224; baseline -0.001 -11"><span class='ocrx_word' id='word_1_296' title='bbox 203 2170 388 2214; x_wconf 83' lang='lat' dir='ltr'><strong>ostendat</strong></span> <span class='ocrx_word' id='word_1_297' title='bbox 416 2170 666 2224; x_wconf 85' lang='lat' dir='ltr'><strong>corpusculis</strong></span> <span class='ocrx_word' id='word_1_298' title='bbox 693 2169 906 2210; x_wconf 87' lang='lat' dir='ltr'><strong>levissimis</strong></span> <span class='ocrx_word' id='word_1_299' title='bbox 935 2169 1166 2221; x_wconf 86' lang='lat' dir='ltr'><strong>eisdemque</strong></span> <span class='ocrx_word' id='word_1_300' title='bbox 1195 2169 1418 2222; x_wconf 83' lang='lat' dir='ltr'><strong>disparibus</strong></span> <span class='ocrx_word' id='word_1_301' title='bbox 1448 2169 1518 2210; x_wconf 89' lang='lat' dir='ltr'><strong>sed</strong></span> <span class='ocrx_word' id='word_1_302' title='bbox 1549 2169 1601 2210; x_wconf 89' lang='lat' dir='ltr'><strong>ita</strong></span> <span class='ocrx_word' id='word_1_303' title='bbox 1632 2169 1764 2210; x_wconf 81' lang='lat' dir='ltr'><strong>mixtis</strong></span> <span class='ocrx_word' id='word_1_304' title='bbox 1794 2169 1898 2211; x_wconf 89' lang='lat' dir='ltr'><strong>inter</strong></span> <span class='ocrx_word' id='word_1_305' title='bbox 1928 2181 1972 2210; x_wconf 90' lang='lat' dir='ltr'><strong>se</strong></span> <span class='ocrx_word' id='word_1_306' title='bbox 2002 2174 2042 2210; x_wconf 89' lang='lat' dir='ltr'><strong>et</strong></span> <span class='ocrx_word' id='word_1_307' title='bbox 2072 2170 2324 2222; x_wconf 80' lang='lat' dir='ltr'><strong>temperatis,</strong></span> <span class='ocrx_word' id='word_1_308' title='bbox 2364 2177 2408 2212; x_wconf 92' lang='lat' dir='ltr'><strong>ut</strong></span> <span class='ocrx_word' id='word_1_309' title='bbox 2439 2172 2532 2211; x_wconf 86' lang='lat' dir='ltr'><strong>ani-</strong></span> 
     </span>
     <span class='ocr_line' id='line_1_28' title="bbox 203 2242 2529 2296; baseline -0.001 -9"><span class='ocrx_word' id='word_1_310' title='bbox 203 2257 293 2287; x_wconf 86' lang='lat' dir='ltr'><strong>mae</strong></span> <span class='ocrx_word' id='word_1_311' title='bbox 319 2251 362 2287; x_wconf 86' lang='lat' dir='ltr'><strong>et</strong></span> <span class='ocrx_word' id='word_1_312' title='bbox 388 2244 533 2286; x_wconf 89' lang='lat' dir='ltr'><strong>mentis</strong></span> <span class='ocrx_word' id='word_1_313' title='bbox 562 2247 703 2284; x_wconf 91' lang='lat' dir='ltr'><strong>natura</strong></span> <span class='ocrx_word' id='word_1_314' title='bbox 732 2242 872 2283; x_wconf 88' lang='lat' dir='ltr'><strong>evadat</strong></span> <span class='ocrx_word' id='word_1_315' title='bbox 902 2254 999 2292; x_wconf 79' lang='lat' dir='ltr'><strong>una,</strong></span> <span class='ocrx_word' id='word_1_316' title='bbox 1045 2242 1160 2282; x_wconf 92' lang='lat' dir='ltr'><strong>cuius</strong></span> <span class='ocrx_word' id='word_1_317' title='bbox 1189 2248 1320 2284; x_wconf 89' lang='lat' dir='ltr'><strong>tamen</strong></span> <span class='ocrx_word' id='word_1_318' title='bbox 1349 2243 1473 2283; x_wconf 88' lang='lat' dir='ltr'><strong>altera</strong></span> <span class='ocrx_word' id='word_1_319' title='bbox 1504 2254 1593 2295; x_wconf 91' lang='lat' dir='ltr'><strong>pars</strong></span> <span class='ocrx_word' id='word_1_320' title='bbox 1631 2243 1763 2295; x_wconf 89' lang='lat' dir='ltr'><strong>potior</strong></span> <span class='ocrx_word' id='word_1_321' title='bbox 1792 2242 1917 2283; x_wconf 90' lang='lat' dir='ltr'><strong>subsit</strong></span> <span class='ocrx_word' id='word_1_322' title='bbox 1954 2243 2067 2284; x_wconf 89' lang='lat' dir='ltr'><strong>alteri</strong></span> <span class='ocrx_word' id='word_1_323' title='bbox 2106 2248 2290 2296; x_wconf 90' lang='lat' dir='ltr'><strong>tanquam</strong></span> <span class='ocrx_word' id='word_1_324' title='bbox 2331 2244 2529 2284; x_wconf 87' lang='lat' dir='ltr'><strong>sentiendi</strong></span> 
     </span>
     <span class='ocr_line' id='line_1_29' title="bbox 202 2314 2529 2372; baseline -0.001 -11"><span class='ocrx_word' id='word_1_325' title='bbox 202 2318 439 2372; x_wconf 87' lang='lat' dir='ltr'><strong>principium</strong></span> <span class='ocrx_word' id='word_1_326' title='bbox 469 2317 655 2370; x_wconf 85' lang='lat' dir='ltr'><strong>vitaeque</strong></span> <span class='ocrx_word' id='word_1_327' title='bbox 682 2314 981 2358; x_wconf 84' lang='lat' dir='ltr'><strong>fundamentum</strong></span> <span class='ocrx_word' id='word_1_328' title='bbox 994 2315 1050 2370; x_wconf 65' lang='grc' dir='ltr'><strong>ὁ).</strong></span> <span class='ocrx_word' id='word_1_329' title='bbox 1097 2315 1230 2369; x_wconf 84' lang='lat' dir='ltr'><strong>Atque</strong></span> <span class='ocrx_word' id='word_1_330' title='bbox 1258 2317 1298 2357; x_wconf 92' lang='lat' dir='ltr'><strong>in</strong></span> <span class='ocrx_word' id='word_1_331' title='bbox 1328 2316 1400 2357; x_wconf 86' lang='lat' dir='ltr'><strong>hac</strong></span> <span class='ocrx_word' id='word_1_332' title='bbox 1424 2327 1583 2369; x_wconf 84' lang='lat' dir='ltr'><strong>quoque</strong></span> <span class='ocrx_word' id='word_1_333' title='bbox 1612 2317 1955 2370; x_wconf 79' lang='lat' dir='ltr'><strong>argumentatione</strong></span> <span class='ocrx_word' id='word_1_334' title='bbox 1985 2317 2146 2370; x_wconf 90' lang='lat' dir='ltr'><strong>primam</strong></span> <span class='ocrx_word' id='word_1_335' title='bbox 2178 2330 2223 2359; x_wconf 91' lang='lat' dir='ltr'><strong>ac</strong></span> <span class='ocrx_word' id='word_1_336' title='bbox 2254 2317 2529 2372; x_wconf 84' lang='lat' dir='ltr'><strong>gravissimam</strong></span> 
     </span>
     <span class='ocr_line' id='line_1_30' title="bbox 200 2390 2520 2445; baseline -0.002 -10"><span class='ocrx_word' id='word_1_337' title='bbox 200 2393 395 2435; x_wconf 82' lang='lat' dir='ltr'><strong>rationem</strong></span> <span class='ocrx_word' id='word_1_338' title='bbox 425 2393 522 2445; x_wconf 83' lang='lat' dir='ltr'><strong>petit</strong></span> <span class='ocrx_word' id='word_1_339' title='bbox 540 2404 563 2432; x_wconf 91' lang='lat' dir='ltr'><strong>a</strong></span> <span class='ocrx_word' id='word_1_340' title='bbox 583 2391 727 2432; x_wconf 90' lang='lat' dir='ltr'><strong>mentis</strong></span> <span class='ocrx_word' id='word_1_341' title='bbox 756 2396 911 2441; x_wconf 90' lang='lat' dir='ltr'><strong>natura,</strong></span> <span class='ocrx_word' id='word_1_342' title='bbox 941 2390 1056 2431; x_wconf 90' lang='lat' dir='ltr'><strong>cuius</strong></span> <span class='ocrx_word' id='word_1_343' title='bbox 1086 2390 1301 2444; x_wconf 85' lang='lat' dir='ltr'><strong>agilitatem</strong></span> <span class='ocrx_word' id='word_1_344' title='bbox 1330 2396 1370 2431; x_wconf 90' lang='lat' dir='ltr'><strong>et</strong></span> <span class='ocrx_word' id='word_1_345' title='bbox 1399 2390 1599 2444; x_wconf 80' lang='lat' dir='ltr'><strong>cogitandi</strong></span> <span class='ocrx_word' id='word_1_346' title='bbox 1629 2390 1873 2432; x_wconf 87' lang='lat' dir='ltr'><strong>celeritatem</strong></span> <span class='ocrx_word' id='word_1_347' title='bbox 1904 2390 2078 2433; x_wconf 86' lang='lat' dir='ltr'><strong>declarat</strong></span> <span class='ocrx_word' id='word_1_348' title='bbox 2108 2404 2196 2433; x_wconf 87' lang='lat' dir='ltr'><strong>esse</strong></span> <span class='ocrx_word' id='word_1_349' title='bbox 2227 2392 2434 2433; x_wconf 88' lang='lat' dir='ltr'><strong>maximam</strong></span> <span class='ocrx_word' id='word_1_350' title='bbox 2454 2390 2520 2445; x_wconf 64' lang='grc' dir='ltr'><strong>Ἲς</strong></span> 
     </span>
    </p>

    <p class='ocr_par' dir='ltr' id='par_1_11' title="bbox 718 2463 1560 2524">
     <span class='ocr_line' id='line_1_31' title="bbox 718 2463 1560 2524; baseline 0 -19"><span class='ocrx_word' id='word_1_351' title='bbox 718 2463 774 2506; x_wconf 89' lang='lat' dir='ltr'><strong>nil</strong></span> <span class='ocrx_word' id='word_1_352' title='bbox 803 2463 902 2524; x_wconf 74' lang='lat' dir='ltr'><strong>adeo</strong></span> <span class='ocrx_word' id='word_1_353' title='bbox 931 2463 1019 2504; x_wconf 85' lang='lat' dir='ltr'><strong>fieri</strong></span> <span class='ocrx_word' id='word_1_354' title='bbox 1049 2464 1172 2505; x_wconf 88' lang='lat' dir='ltr'><strong>celeri</strong></span> <span class='ocrx_word' id='word_1_355' title='bbox 1202 2464 1355 2505; x_wconf 89' lang='lat' dir='ltr'><strong>ratione</strong></span> <span class='ocrx_word' id='word_1_356' title='bbox 1385 2464 1560 2515; x_wconf 85' lang='lat' dir='ltr'><strong>videtur,</strong></span> 
     </span>
    </p>

    <p class='ocr_par' dir='ltr' id='par_1_12' title="bbox 717 2537 1794 2592">
     <span class='ocr_line' id='line_1_32' title="bbox 717 2537 1794 2592; baseline -0.002 -12"><span class='ocrx_word' id='word_1_357' title='bbox 717 2549 835 2592; x_wconf 90' lang='lat' dir='ltr'><strong>quam</strong></span> <span class='ocrx_word' id='word_1_358' title='bbox 864 2537 940 2580; x_wconf 89' lang='lat' dir='ltr'><strong>sibi</strong></span> <span class='ocrx_word' id='word_1_359' title='bbox 970 2548 1081 2579; x_wconf 90' lang='lat' dir='ltr'><strong>mens</strong></span> <span class='ocrx_word' id='word_1_360' title='bbox 1110 2537 1197 2579; x_wconf 87' lang='lat' dir='ltr'><strong>fieri</strong></span> <span class='ocrx_word' id='word_1_361' title='bbox 1227 2539 1410 2592; x_wconf 85' lang='lat' dir='ltr'><strong>proponit</strong></span> <span class='ocrx_word' id='word_1_362' title='bbox 1439 2542 1480 2580; x_wconf 90' lang='lat' dir='ltr'><strong>et</strong></span> <span class='ocrx_word' id='word_1_363' title='bbox 1510 2537 1668 2580; x_wconf 79' lang='lat' dir='ltr'><strong>inchoat</strong></span> <span class='ocrx_word' id='word_1_364' title='bbox 1697 2537 1794 2591; x_wconf 86' lang='lat' dir='ltr'><strong>ipsa.</strong></span> 
     </span>
    </p>
   </div>
   <div class='ocr_carea' id='block_1_5' title="bbox 348 2664 2529 3248">
    <p class='ocr_par' dir='ltr' id='par_1_13' title="bbox 348 2664 2529 3248">
     <span class='ocr_line' id='line_1_33' title="bbox 356 2664 2528 2712; baseline -0.001 -8"><span class='ocrx_word' id='word_1_365' title='bbox 356 2670 385 2712; x_wconf 90' lang='lat'><strong>¹)</strong></span> <span class='ocrx_word' id='word_1_366' title='bbox 412 2671 469 2703; x_wconf 86' lang='lat' dir='ltr'><strong>III</strong></span> <span class='ocrx_word' id='word_1_367' title='bbox 501 2665 686 2703; x_wconf 78' lang='lat'><strong>136—40.</strong></span> <span class='ocrx_word' id='word_1_368' title='bbox 715 2685 762 2691; x_wconf 92' lang='lat'>—</span> <span class='ocrx_word' id='word_1_369' title='bbox 790 2667 820 2708; x_wconf 90' lang='lat'><strong>2)</strong></span> <span class='ocrx_word' id='word_1_370' title='bbox 848 2680 879 2701; x_wconf 89' lang='lat' dir='ltr'><strong>v.</strong></span> <span class='ocrx_word' id='word_1_371' title='bbox 911 2664 993 2700; x_wconf 79' lang='lat'><strong>143.</strong></span> <span class='ocrx_word' id='word_1_372' title='bbox 1023 2664 1082 2701; x_wconf 74' lang='lat'><strong>44.</strong></span> <span class='ocrx_word' id='word_1_373' title='bbox 1113 2684 1159 2690; x_wconf 90' lang='lat'>-</span> <span class='ocrx_word' id='word_1_374' title='bbox 1190 2664 1218 2705; x_wconf 78' lang='lat'><strong>³)</strong></span> <span class='ocrx_word' id='word_1_375' title='bbox 1247 2679 1277 2699; x_wconf 86' lang='lat' dir='ltr'><strong>v.</strong></span> <span class='ocrx_word' id='word_1_376' title='bbox 1311 2664 1391 2700; x_wconf 80' lang='lat'><strong>145.</strong></span> <span class='ocrx_word' id='word_1_377' title='bbox 1426 2665 1506 2701; x_wconf 76' lang='lat'><strong>146.</strong></span> <span class='ocrx_word' id='word_1_378' title='bbox 1545 2668 1657 2703; x_wconf 57' lang='lat' dir='ltr'><strong>CLV.</strong></span> <span class='ocrx_word' id='word_1_379' title='bbox 1690 2668 1874 2702; x_wconf 82' lang='lat'>112—17.</span> <span class='ocrx_word' id='word_1_380' title='bbox 1911 2669 2013 2709; x_wconf 88' lang='lat' dir='ltr'><strong>Diog.</strong></span> <span class='ocrx_word' id='word_1_381' title='bbox 2027 2669 2067 2700; x_wconf 90' lang='lat' dir='ltr'><strong>L.</strong></span> <span class='ocrx_word' id='word_1_382' title='bbox 2095 2669 2128 2700; x_wconf 83' lang='lat' dir='ltr'>X</span> <span class='ocrx_word' id='word_1_383' title='bbox 2156 2666 2222 2700; x_wconf 69' lang='lat'><strong>64:</strong></span> <span class='ocrx_word' id='word_1_384' title='bbox 2265 2669 2303 2699; x_wconf 75' lang='grc' dir='ltr'><strong>τὸ</strong></span> <span class='ocrx_word' id='word_1_385' title='bbox 2331 2666 2371 2700; x_wconf 76' lang='grc' dir='ltr'><strong>δὲ</strong></span> <span class='ocrx_word' id='word_1_386' title='bbox 2400 2668 2528 2701; x_wconf 77' lang='grc' dir='ltr'><strong><em>λοιπὸν</em></strong></span> 
     </span>
     <span class='ocr_line' id='line_1_34' title="bbox 352 2724 2529 2775; baseline -0.002 -12"><span class='ocrx_word' id='word_1_387' title='bbox 352 2728 541 2775; x_wconf 76' lang='grc' dir='ltr'><em>ἄθροισμα</em></span> <span class='ocrx_word' id='word_1_388' title='bbox 575 2725 858 2773; x_wconf 78' lang='grc' dir='ltr'><strong><em>παρασκευάσαν</em></strong></span> <span class='ocrx_word' id='word_1_389' title='bbox 884 2728 946 2769; x_wconf 57' lang='grc' dir='ltr'><strong>τὴν</strong></span> <span class='ocrx_word' id='word_1_390' title='bbox 972 2727 1090 2760; x_wconf 78' lang='grc' dir='ltr'><em>αἰτίαν</em></span> <span class='ocrx_word' id='word_1_391' title='bbox 1116 2726 1242 2767; x_wconf 76' lang='grc' dir='ltr'><strong>ταύτην</strong></span> <span class='ocrx_word' id='word_1_392' title='bbox 1274 2726 1462 2770; x_wconf 69' lang='grc' dir='ltr'><strong><em>μετείληφε</em></strong></span> <span class='ocrx_word' id='word_1_393' title='bbox 1490 2728 1548 2759; x_wconf 82' lang='grc' dir='ltr'><strong>καὶ</strong></span> <span class='ocrx_word' id='word_1_394' title='bbox 1578 2724 1662 2759; x_wconf 77' lang='grc' dir='ltr'><strong>αὐτὸ</strong></span> <span class='ocrx_word' id='word_1_395' title='bbox 1698 2725 1859 2760; x_wconf 76' lang='grc' dir='ltr'><strong><em>τοιούτου</em></strong></span> <span class='ocrx_word' id='word_1_396' title='bbox 1886 2726 2150 2772; x_wconf 76' lang='grc' dir='ltr'><em>συμπτώματος</em></span> <span class='ocrx_word' id='word_1_397' title='bbox 2179 2728 2265 2771; x_wconf 74' lang='grc' dir='ltr'><strong>παρ’</strong></span> <span class='ocrx_word' id='word_1_398' title='bbox 2294 2727 2447 2767; x_wconf 72' lang='grc' dir='ltr'><strong>ἐκείνης,</strong></span> <span class='ocrx_word' id='word_1_399' title='bbox 2487 2727 2529 2761; x_wconf 76' lang='grc' dir='ltr'><strong>οὐ</strong></span> 
     </span>
     <span class='ocr_line' id='line_1_35' title="bbox 348 2779 2527 2835; baseline -0.002 -12"><span class='ocrx_word' id='word_1_400' title='bbox 348 2791 474 2835; x_wconf 74' lang='grc' dir='ltr'><strong><em>μέντοι</em></strong></span> <span class='ocrx_word' id='word_1_401' title='bbox 501 2786 648 2822; x_wconf 80' lang='grc' dir='ltr'><em>πάντων</em></span> <span class='ocrx_word' id='word_1_402' title='bbox 674 2779 726 2820; x_wconf 80' lang='grc' dir='ltr'><strong>ὦν</strong></span> <span class='ocrx_word' id='word_1_403' title='bbox 752 2787 867 2828; x_wconf 76' lang='grc' dir='ltr'><strong><em>ἐκείνη</em></strong></span> <span class='ocrx_word' id='word_1_404' title='bbox 895 2789 1061 2827; x_wconf 78' lang='grc' dir='ltr'><strong><em>κέκτηται.</em></strong></span> <span class='ocrx_word' id='word_1_405' title='bbox 1098 2786 1207 2827; x_wconf 87' lang='lat' dir='ltr'><strong>Quem</strong></span> <span class='ocrx_word' id='word_1_406' title='bbox 1234 2787 1345 2818; x_wconf 84' lang='lat' dir='ltr'><strong>locum</strong></span> <span class='ocrx_word' id='word_1_407' title='bbox 1372 2786 1516 2818; x_wconf 83' lang='lat' dir='ltr'><strong>dilucide</strong></span> <span class='ocrx_word' id='word_1_408' title='bbox 1543 2787 1781 2828; x_wconf 83' lang='lat' dir='ltr'><strong>interpretatur</strong></span> <span class='ocrx_word' id='word_1_409' title='bbox 1809 2787 2004 2820; x_wconf 79' lang='lat' dir='ltr'><strong>Gassendus</strong></span> <span class='ocrx_word' id='word_1_410' title='bbox 2032 2786 2122 2829; x_wconf 86' lang='lat' dir='ltr'><strong>opp.</strong></span> <span class='ocrx_word' id='word_1_411' title='bbox 2148 2793 2228 2818; x_wconf 91' lang='lat' dir='ltr'><strong>tom.</strong></span> <span class='ocrx_word' id='word_1_412' title='bbox 2258 2787 2294 2818; x_wconf 94' lang='lat' dir='ltr'><strong>II</strong></span> <span class='ocrx_word' id='word_1_413' title='bbox 2320 2785 2414 2820; x_wconf 81' lang='lat'>330:</span> <span class='ocrx_word' id='word_1_414' title='bbox 2445 2787 2527 2820; x_wconf 90' lang='lat' dir='ltr'><strong>Cor-</strong></span> 
     </span>
     <span class='ocr_line' id='line_1_36' title="bbox 348 2845 2525 2891; baseline -0.002 -10"><span class='ocrx_word' id='word_1_415' title='bbox 348 2859 413 2891; x_wconf 81' lang='lat' dir='ltr'><strong>pus</strong></span> <span class='ocrx_word' id='word_1_416' title='bbox 438 2854 561 2888; x_wconf 67' lang='lat' dir='ltr'><strong>autem,</strong></span> <span class='ocrx_word' id='word_1_417' title='bbox 587 2858 663 2880; x_wconf 87' lang='lat' dir='ltr'><strong>cum</strong></span> <span class='ocrx_word' id='word_1_418' title='bbox 688 2847 739 2879; x_wconf 88' lang='lat' dir='ltr'><strong>illi</strong></span> <span class='ocrx_word' id='word_1_419' title='bbox 765 2852 923 2889; x_wconf 83' lang='lat' dir='ltr'><strong>praestet,</strong></span> <span class='ocrx_word' id='word_1_420' title='bbox 950 2853 987 2877; x_wconf 87' lang='lat' dir='ltr'><strong>ut</strong></span> <span class='ocrx_word' id='word_1_421' title='bbox 1013 2847 1102 2877; x_wconf 84' lang='lat' dir='ltr'><strong>hanc</strong></span> <span class='ocrx_word' id='word_1_422' title='bbox 1134 2846 1296 2878; x_wconf 84' lang='lat' dir='ltr'><strong>sentiendi</strong></span> <span class='ocrx_word' id='word_1_423' title='bbox 1323 2855 1478 2877; x_wconf 80' lang='lat' dir='ltr'><strong>caussam</strong></span> <span class='ocrx_word' id='word_1_424' title='bbox 1504 2846 1684 2888; x_wconf 77' lang='lat' dir='ltr'><strong>possideat,</strong></span> <span class='ocrx_word' id='word_1_425' title='bbox 1711 2845 1853 2878; x_wconf 80' lang='lat' dir='ltr'><strong>efficitur</strong></span> <span class='ocrx_word' id='word_1_426' title='bbox 1875 2847 2008 2888; x_wconf 82' lang='lat' dir='ltr'><strong>quidem</strong></span> <span class='ocrx_word' id='word_1_427' title='bbox 2034 2852 2067 2878; x_wconf 85' lang='lat' dir='ltr'><strong>et</strong></span> <span class='ocrx_word' id='word_1_428' title='bbox 2092 2847 2203 2887; x_wconf 89' lang='lat' dir='ltr'><strong>ipsum</strong></span> <span class='ocrx_word' id='word_1_429' title='bbox 2220 2845 2357 2877; x_wconf 82' lang='lat' dir='ltr'><strong>effectus</strong></span> <span class='ocrx_word' id='word_1_430' title='bbox 2385 2847 2525 2878; x_wconf 89' lang='lat' dir='ltr'><strong>huiusce</strong></span> 
     </span>
     <span class='ocr_line' id='line_1_37' title="bbox 349 2903 2523 2950; baseline -0.002 -9"><span class='ocrx_word' id='word_1_431' title='bbox 349 2908 394 2941; x_wconf 73' lang='lat' dir='ltr'><strong>nb</strong></span> <span class='ocrx_word' id='word_1_432' title='bbox 419 2908 481 2941; x_wconf 72' lang='lat' dir='ltr'><strong>illa.</strong></span> <span class='ocrx_word' id='word_1_433' title='bbox 503 2907 714 2950; x_wconf 77' lang='lat' dir='ltr'><strong>procedentis</strong></span> <span class='ocrx_word' id='word_1_434' title='bbox 740 2906 909 2948; x_wconf 76' lang='lat' dir='ltr'><strong>particeps</strong></span> <span class='ocrx_word' id='word_1_435' title='bbox 936 2903 1054 2944; x_wconf 79' lang='lat' dir='ltr'><strong>(sentit</strong></span> <span class='ocrx_word' id='word_1_436' title='bbox 1081 2904 1246 2947; x_wconf 87' lang='lat' dir='ltr'><strong>quippe),</strong></span> <span class='ocrx_word' id='word_1_437' title='bbox 1280 2909 1315 2937; x_wconf 81' lang='lat' dir='ltr'><strong>at</strong></span> <span class='ocrx_word' id='word_1_438' title='bbox 1341 2914 1408 2937; x_wconf 87' lang='lat' dir='ltr'><strong>non</strong></span> <span class='ocrx_word' id='word_1_439' title='bbox 1434 2910 1547 2937; x_wconf 80' lang='lat' dir='ltr'><strong>tamen</strong></span> <span class='ocrx_word' id='word_1_440' title='bbox 1573 2906 1740 2945; x_wconf 86' lang='lat' dir='ltr'><strong>omnium,</strong></span> <span class='ocrx_word' id='word_1_441' title='bbox 1776 2915 1861 2947; x_wconf 78' lang='lat' dir='ltr'><strong>quae</strong></span> <span class='ocrx_word' id='word_1_442' title='bbox 1887 2916 1928 2937; x_wconf 83' lang='lat' dir='ltr'><strong>eu.</strong></span> <span class='ocrx_word' id='word_1_443' title='bbox 1954 2906 2135 2947; x_wconf 80' lang='lat' dir='ltr'><strong>possideat.</strong></span> <span class='ocrx_word' id='word_1_444' title='bbox 2192 2904 2246 2937; x_wconf 84' lang='lat' dir='ltr'><strong>Cf.</strong></span> <span class='ocrx_word' id='word_1_445' title='bbox 2274 2905 2375 2946; x_wconf 86' lang='lat' dir='ltr'><strong>Diog.</strong></span> <span class='ocrx_word' id='word_1_446' title='bbox 2404 2905 2444 2936; x_wconf 88' lang='lat' dir='ltr'><strong>L.</strong></span> <span class='ocrx_word' id='word_1_447' title='bbox 2472 2906 2523 2937; x_wconf 89' lang='lat' dir='ltr'><strong>ed.</strong></span> 
     </span>
     <span class='ocr_line' id='line_1_38' title="bbox 348 2959 2524 3006; baseline -0.002 -6"><span class='ocrx_word' id='word_1_448' title='bbox 348 2967 521 3001; x_wconf 81' lang='lat' dir='ltr'><strong>Huebner.</strong></span> <span class='ocrx_word' id='word_1_449' title='bbox 556 2967 668 2999; x_wconf 75' lang='lat' dir='ltr'><strong>adnot..</strong></span> <span class='ocrx_word' id='word_1_450' title='bbox 695 2965 944 2999; x_wconf 76' lang='lat' dir='ltr'><strong>Aldobrandin.</strong></span> <span class='ocrx_word' id='word_1_451' title='bbox 984 2981 1030 2987; x_wconf 92' lang='lat'>—</span> <span class='ocrx_word' id='word_1_452' title='bbox 1065 2959 1097 3005; x_wconf 73' lang='lat'><strong>⁴)</strong></span> <span class='ocrx_word' id='word_1_453' title='bbox 1133 2974 1164 2997; x_wconf 82' lang='lat' dir='ltr'><strong>v.</strong></span> <span class='ocrx_word' id='word_1_454' title='bbox 1198 2962 1368 2998; x_wconf 65' lang='lat'>127-61</span> <span class='ocrx_word' id='word_1_455' title='bbox 1406 2964 1617 3006; x_wconf 79' lang='lat' dir='ltr'><strong>praeclarum</strong></span> <span class='ocrx_word' id='word_1_456' title='bbox 1654 2964 1803 2997; x_wconf 86' lang='lat' dir='ltr'><strong>eiusdem</strong></span> <span class='ocrx_word' id='word_1_457' title='bbox 1838 2964 1883 2997; x_wconf 88' lang='lat' dir='ltr'><strong>rei</strong></span> <span class='ocrx_word' id='word_1_458' title='bbox 1911 2970 2143 3006; x_wconf 85' lang='lat' dir='ltr'><strong>argumentum</strong></span> <span class='ocrx_word' id='word_1_459' title='bbox 2171 2970 2263 2997; x_wconf 81' lang='lat' dir='ltr'><strong>extat</strong></span> <span class='ocrx_word' id='word_1_460' title='bbox 2296 2965 2331 2997; x_wconf 91' lang='lat' dir='ltr'><strong>in</strong></span> <span class='ocrx_word' id='word_1_461' title='bbox 2356 2964 2444 2997; x_wconf 91' lang='lat' dir='ltr'><strong>libro</strong></span> <span class='ocrx_word' id='word_1_462' title='bbox 2472 2963 2524 2997; x_wconf 91' lang='lat' dir='ltr'><strong>IV</strong></span> 
     </span>
     <span class='ocr_line' id='line_1_39' title="bbox 349 3020 2520 3069; baseline -0.002 -8"><span class='ocrx_word' id='word_1_463' title='bbox 349 3024 566 3061; x_wconf 78' lang='lat'>880—904.</span> <span class='ocrx_word' id='word_1_464' title='bbox 608 3043 656 3050; x_wconf 91' lang='lat'><strong>—</strong></span> <span class='ocrx_word' id='word_1_465' title='bbox 698 3026 729 3069; x_wconf 82' lang='lat'><strong>⁵)</strong></span> <span class='ocrx_word' id='word_1_466' title='bbox 767 3036 798 3058; x_wconf 78' lang='grc' dir='ltr'><strong>ν.</strong></span> <span class='ocrx_word' id='word_1_467' title='bbox 831 3025 1017 3058; x_wconf 83' lang='grc'><strong>161-77.</strong></span> <span class='ocrx_word' id='word_1_468' title='bbox 1061 3040 1109 3047; x_wconf 93' lang='lat'>—</span> <span class='ocrx_word' id='word_1_469' title='bbox 1146 3020 1179 3066; x_wconf 83' lang='lat'><strong>⁰)</strong></span> <span class='ocrx_word' id='word_1_470' title='bbox 1215 3035 1246 3056; x_wconf 91' lang='lat' dir='ltr'><strong>v.</strong></span> <span class='ocrx_word' id='word_1_471' title='bbox 1273 3023 1611 3057; x_wconf 79' lang='lat'>177—258—323.</span> <span class='ocrx_word' id='word_1_472' title='bbox 1665 3023 1807 3066; x_wconf 81' lang='lat' dir='ltr'><strong>Singula</strong></span> <span class='ocrx_word' id='word_1_473' title='bbox 1842 3025 2045 3056; x_wconf 66' lang='lat' dir='ltr'><strong>Lucretiam),</strong></span> <span class='ocrx_word' id='word_1_474' title='bbox 2080 3029 2276 3065; x_wconf 79' lang='lat' dir='ltr'><strong>argumenta</strong></span> <span class='ocrx_word' id='word_1_475' title='bbox 2313 3024 2356 3055; x_wconf 85' lang='lat' dir='ltr'><strong>ad</strong></span> <span class='ocrx_word' id='word_1_476' title='bbox 2382 3023 2520 3066; x_wconf 85' lang='lat' dir='ltr'><strong>Epicuri</strong></span> 
     </span>
     <span class='ocr_line' id='line_1_40' title="bbox 348 3080 2522 3129; baseline -0.004 -9"><span class='ocrx_word' id='word_1_477' title='bbox 348 3094 494 3120; x_wconf 79' lang='lat' dir='ltr'><strong>mentem</strong></span> <span class='ocrx_word' id='word_1_478' title='bbox 520 3096 683 3129; x_wconf 70' lang='lat' dir='ltr'><strong>expressa</strong></span> <span class='ocrx_word' id='word_1_479' title='bbox 710 3092 799 3118; x_wconf 82' lang='lat' dir='ltr'><strong>sunt.</strong></span> <span class='ocrx_word' id='word_1_480' title='bbox 837 3085 939 3126; x_wconf 88' lang='lat' dir='ltr'><strong>Diog.</strong></span> <span class='ocrx_word' id='word_1_481' title='bbox 962 3085 1003 3116; x_wconf 89' lang='lat' dir='ltr'><strong>L.</strong></span> <span class='ocrx_word' id='word_1_482' title='bbox 1031 3085 1065 3116; x_wconf 87' lang='lat' dir='ltr'>X</span> <span class='ocrx_word' id='word_1_483' title='bbox 1094 3083 1162 3116; x_wconf 83' lang='lat'><strong>63:</strong></span> <span class='ocrx_word' id='word_1_484' title='bbox 1215 3086 1315 3116; x_wconf 72' lang='grc' dir='ltr'><strong><em>τοῦτο</em></strong></span> <span class='ocrx_word' id='word_1_485' title='bbox 1343 3082 1384 3116; x_wconf 73' lang='grc' dir='ltr'><strong>δὲ</strong></span> <span class='ocrx_word' id='word_1_486' title='bbox 1412 3087 1487 3115; x_wconf 74' lang='grc' dir='ltr'><strong>πᾶν</strong></span> <span class='ocrx_word' id='word_1_487' title='bbox 1513 3083 1551 3114; x_wconf 79' lang='grc' dir='ltr'><strong>αἱ</strong></span> <span class='ocrx_word' id='word_1_488' title='bbox 1579 3081 1754 3126; x_wconf 79' lang='grc' dir='ltr'><strong>δυνάμεις</strong></span> <span class='ocrx_word' id='word_1_489' title='bbox 1781 3087 1838 3122; x_wconf 72' lang='grc' dir='ltr'><strong>τῆς</strong></span> <span class='ocrx_word' id='word_1_490' title='bbox 1867 3086 1978 3125; x_wconf 75' lang='grc' dir='ltr'><strong><em>ψυχῆς</em></strong></span> <span class='ocrx_word' id='word_1_491' title='bbox 2006 3081 2150 3122; x_wconf 58' lang='lat' dir='ltr'><strong>aqam-m</strong></span> <span class='ocrx_word' id='word_1_492' title='bbox 2178 3085 2236 3113; x_wconf 82' lang='grc' dir='ltr'><strong>καὶ</strong></span> <span class='ocrx_word' id='word_1_493' title='bbox 2265 3082 2308 3113; x_wconf 71' lang='lat'><strong>112</strong></span> <span class='ocrx_word' id='word_1_494' title='bbox 2334 3080 2434 3124; x_wconf 66' lang='grc' dir='ltr'><strong>ςιιέθι]</strong></span> <span class='ocrx_word' id='word_1_495' title='bbox 2463 3084 2522 3113; x_wconf 76' lang='grc' dir='ltr'><strong>καὶ</strong></span> 
     </span>
     <span class='ocr_line' id='line_1_41' title="bbox 349 3133 2522 3197; baseline -0.004 -17"><span class='ocrx_word' id='word_1_496' title='bbox 349 3146 387 3179; x_wconf 71' lang='grc' dir='ltr'><strong>αἱ</strong></span> <span class='ocrx_word' id='word_1_497' title='bbox 414 3145 611 3187; x_wconf 78' lang='grc' dir='ltr'><strong><em>εὐκινησίαι</em></strong></span> <span class='ocrx_word' id='word_1_498' title='bbox 629 3146 689 3178; x_wconf 82' lang='grc' dir='ltr'><strong>καὶ</strong></span> <span class='ocrx_word' id='word_1_499' title='bbox 712 3144 751 3197; x_wconf 53' lang='grc' dir='ltr'><strong>αἱ</strong></span> <span class='ocrx_word' id='word_1_500' title='bbox 768 3142 989 3185; x_wconf 77' lang='grc' dir='ltr'><strong><em>διανοήσεις,</em></strong></span> <span class='ocrx_word' id='word_1_501' title='bbox 1018 3145 1077 3175; x_wconf 77' lang='grc' dir='ltr'><strong>καὶ</strong></span> <span class='ocrx_word' id='word_1_502' title='bbox 1107 3133 1158 3176; x_wconf 71' lang='grc' dir='ltr'><strong>ὧν</strong></span> <span class='ocrx_word' id='word_1_503' title='bbox 1185 3143 1418 3188; x_wconf 77' lang='grc' dir='ltr'><strong><em>στερούμενοι</em></strong></span> <span class='ocrx_word' id='word_1_504' title='bbox 1444 3142 1658 3187; x_wconf 74' lang='grc' dir='ltr'><strong><em>θνὴςκομεν.</em></strong></span> <span class='ocrx_word' id='word_1_505' title='bbox 1687 3144 1745 3174; x_wconf 79' lang='grc' dir='ltr'><strong>καὶ</strong></span> <span class='ocrx_word' id='word_1_506' title='bbox 1771 3143 1845 3186; x_wconf 62' lang='grc' dir='ltr'><strong>μιῖν</strong></span> <span class='ocrx_word' id='word_1_507' title='bbox 1872 3144 1930 3174; x_wconf 82' lang='grc' dir='ltr'><strong>καὶ</strong></span> <span class='ocrx_word' id='word_1_508' title='bbox 1959 3139 2011 3174; x_wconf 73' lang='grc' dir='ltr'><strong>ὅτι</strong></span> <span class='ocrx_word' id='word_1_509' title='bbox 2036 3142 2110 3185; x_wconf 79' lang='grc' dir='ltr'><strong><em>ἔχει</em></strong></span> <span class='ocrx_word' id='word_1_510' title='bbox 2139 3141 2156 3181; x_wconf 75' lang='grc' dir='ltr'><em>ἡ</em></span> <span class='ocrx_word' id='word_1_511' title='bbox 2189 3142 2279 3184; x_wconf 67' lang='grc' dir='ltr'><strong>ψυχὴ</strong></span> <span class='ocrx_word' id='word_1_512' title='bbox 2307 3143 2363 3181; x_wconf 62' lang='grc' dir='ltr'><strong>τῆς</strong></span> <span class='ocrx_word' id='word_1_513' title='bbox 2391 3139 2522 3181; x_wconf 61' lang='grc' dir='ltr'><strong><em>αἰσθή-</em></strong></span> 
     </span>
     <span class='ocr_line' id='line_1_42' title="bbox 350 3201 1548 3248; baseline -0.004 -8"><span class='ocrx_word' id='word_1_514' title='bbox 350 3216 441 3244; x_wconf 86' lang='grc' dir='ltr'><strong><em>σεως</em></strong></span> <span class='ocrx_word' id='word_1_515' title='bbox 468 3207 529 3248; x_wconf 71' lang='lat' dir='ltr'><strong>1er</strong></span> <span class='ocrx_word' id='word_1_516' title='bbox 555 3205 701 3246; x_wconf 74' lang='grc' dir='ltr'><em>πλείςην</em></span> <span class='ocrx_word' id='word_1_517' title='bbox 728 3205 844 3238; x_wconf 74' lang='grc' dir='ltr'><strong><em>αἰτίαν</em></strong></span> <span class='ocrx_word' id='word_1_518' title='bbox 873 3201 936 3237; x_wconf 81' lang='grc' dir='ltr'><strong>δεῖ</strong></span> <span class='ocrx_word' id='word_1_519' title='bbox 959 3206 1136 3247; x_wconf 74' lang='grc' dir='ltr'><strong><em>κατέχειν.</em></strong></span> <span class='ocrx_word' id='word_1_520' title='bbox 1166 3221 1211 3227; x_wconf 86' lang='lat'>-</span> <span class='ocrx_word' id='word_1_521' title='bbox 1243 3202 1273 3244; x_wconf 80' lang='lat'><strong>7)</strong></span> <span class='ocrx_word' id='word_1_522' title='bbox 1300 3214 1330 3236; x_wconf 90' lang='lat' dir='ltr'><strong>v.</strong></span> <span class='ocrx_word' id='word_1_523' title='bbox 1366 3202 1548 3236; x_wconf 75' lang='lat'><strong>182-86.</strong></span> 
     </span>
    </p>
   </div>
  </div>
 </body>
</html>
