2744 3711
1279 224 1566 265 ..16-

250 361 296 399 et
329 361 465 400 certas
501 359 670 398 naturae
714 353 829 410 leges
866 355 1144 397 terminantem
1175 354 1232 409 ¹).
1293 356 1399 403 Quas
1444 356 1559 410 leges
1605 356 1725 398 modo
1762 361 1894 398 metus
1932 356 2156 399 concordes
2201 364 2246 401 et
2281 359 2579 411 convenientes,

249 429 369 472 modo
396 427 640 482 voluptatem
678 426 847 482 appellat
858 426 904 483 ²)
913 440 928 478 ;
965 428 1060 482 quin
1099 428 1224 481 ipsam
1263 429 1377 472 dean
1413 430 1454 472 in
1493 430 1682 472 mundum
1719 429 1873 479 inducit
1912 427 2112 474 Venerem
2135 430 2196 487 ³),
2254 444 2328 476 nec
2365 444 2472 475 eam·
2491 434 2580 478 dis-

248 503 417 545 similem
453 501 512 543 illi
538 502 717 567 Ιιιιιιιίιιί,
754 501 863 555 qnod
900 502 1173 555 antiquissimo
1206 508 1386 557 tempore
1419 502 1583 557 Orpbici
1614 503 1773 556 Graeci,
1813 509 1952 557 postea
1973 517 2007 546 ,ο
2034 504 2278 559 pbilosophis
2304 506 2579 561 Empedocles,

248 589 274 619 e
311 576 441 630 poetis
477 575 692 629 Euripides
729 574 911 628 inprimis
947 575 1110 618 Amoris
1147 582 1188 618 et
1224 576 1432 618 Amicitiae
1471 578 1631 618 nomine
1667 583 1938 629 nuncupatum
1976 584 2140 620 naturae
2179 586 2496 633 praeposuerunt
2513 577 2576 634 ⁴⁸).

247 649 461 692 Lucretius
501 655 658 700 tamen,
703 649 797 702 quia
819 647 821 651 ”
841 660 921 691 non
960 661 1141 690 caussam
1187 650 1438 692 extrinsecus
1477 657 1700 693 moventem
1740 651 1818 705 ,sed
1856 651 1937 692 vim
1984 651 2110 704 ipsius
2160 658 2327 694 naturae
2377 655 2578 707 propriam

248 724 416 778 sumpsit
443 723 692 775 laudandam,
730 735 779 765 ea
806 722 966 776 quidem
1004 735 1050 764 re
1080 723 1128 763 ab
1161 722 1404 777 Empedocle
1441 724 1601 779 longius
1638 724 1846 776 discessit,
1884 725 2048 778 propius
2088 725 2258 769 accessit
2296 727 2344 769 ad
2372 728 2578 770 Aristote-

247 799 342 842 lem.
399 798 526 841 liuius
565 798 617 842 de
653 803 795 840 natura
831 796 983 840 artifice
1021 797 1242 840 sententiae
1279 797 1476 840 simillima
1504 806 1567 841 est
1595 804 1734 839 natura
1761 811 1784 839 a
1810 799 1998 841 Lucretio
2033 799 2246 849 celebrata,
2285 813 2454 854 prorsus
2486 803 2579 856 qui-

248 872 340 915 dem
376 872 445 915 illa
481 885 598 915 caeca
631 879 674 915 et
707 872 861 914 ratione
893 872 1025 913 divina
1062 872 1232 924 privata,
1270 871 1342 916 sed
1377 873 1500 915 certis
1537 873 1620 915 suis
1653 879 1692 914 et
1728 873 1917 928 ingenitis
1958 873 2113 928 legibus
2151 874 2355 916 adstricta.
2415 877 2465 919 Et
2501 884 2577 919 tam

249 947 411 1001 quidem
448 947 606 1000 penitus
642 946 731 988 illas
769 946 885 1001 leges
923 953 1089 988 naturae
1126 947 1269 988 infixas
1308 952 1423 999 poeta
1462 948 1611 998 cernit,
1649 954 1694 989 ut
1731 947 1840 989 nullo
1879 954 2062 1001 tempore
2099 948 2148 989 ab
2177 949 2235 990 eis
2265 949 2418 991 discedi
2457 964 2575 1005 posse

249 1021 431 1064 affirmet.
486 1023 618 1070 Quare
658 1032 738 1061 non
777 1021 920 1073 probat
959 1026 1141 1073 portenta
1178 1020 1289 1061 velut
1325 1020 1532 1063 semiferas
1573 1021 1774 1062 hominum
1812 1022 1981 1074 speeies,
2019 1022 2227 1065 animantia
2267 1030 2461 1076 truncata,
2504 1025 2577 1066 alia

248 1096 412 1145 similia3
467 1095 557 1136 talia
603 1095 680 1135 etsi
727 1106 782 1134 ex
827 1094 1078 1146 Empedoclis
1126 1094 1313 1147 opinione
1360 1094 1475 1149 fingit
1521 1095 1648 1148 primo
1693 1095 1828 1136 mundi
1876 1102 2056 1149 tempore
2100 1109 2124 1137 e
2172 1103 2282 1139 terra
2329 1100 2578 1150 provenisse,

248 1175 405 1221 tamen,
452 1168 560 1221 quod
597 1167 665 1209 ille
704 1173 939 1220 putaverat,
984 1180 1030 1208 ea
1069 1168 1295 1209 constitisse
1333 1174 1374 1210 et
1412 1169 1562 1210 vixisse
1608 1168 1752 1210 refutat
1801 1176 2011 1222 proptera,
2058 1171 2165 1225 quod
2210 1176 2375 1213 naturae
2422 1172 2579 1227 legibus

248 1247 444 1296 certoque
482 1252 620 1283 rerum
658 1240 790 1283 ordini
826 1247 1072 1296 repugnent3
1119 1253 1379 1294 quaecunque
1418 1243 1524 1283 enim
1563 1242 1802 1297 gignantur,
1849 1256 1897 1284 ea
1936 1242 2104 1285 affirmat
2142 1245 2303 1286 omnino
2343 1258 2422 1286 non
2461 1259 2579 1299 posse

249 1316 488 1367 consistere,
526 1316 605 1357 nisi
641 1315 821 1369 partibus
857 1321 1041 1356 constent
1081 1322 1119 1357 et
1158 1315 1330 1356 motibus
1367 1315 1473 1357 inter
1511 1328 1556 1357 se
1593 1317 1921 1358 convenientibus
1956 1322 1996 1359 et
2030 1316 2299 1360 concordibus
2323 1318 2397 1373 ⁵)..
2442 1318 2510 1360 llla
2540 1321 2578 1361 in

248 1391 528 1433 convenientia
567 1403 746 1431 caussam
785 1391 896 1443 ponit
928 1391 1051 1431 totius
1087 1390 1240 1437 mundi;
1282 1390 1470 1430 mundum
1507 1402 1652 1444 corpus
1686 1391 1882 1444 quoddam
1917 1403 2008 1433 esse
2041 1391 2213 1433 diversis
2248 1393 2436 1434 membris
2464 1405 2579 1435 com·

250 1467 422 1520 positum
452 1466 523 1507 sed
554 1472 681 1508 totum
708 1471 828 1517 atque
855 1477 991 1515 unum,
1029 1465 1082 1506 ita
1110 1471 1152 1505 ut
1181 1464 1358 1505 animalis
1385 1464 1511 1505 instar
1546 1472 1701 1507 crescat
1740 1471 1779 1507 et
1817 1464 1959 1506 floreat
1997 1471 2038 1507 et
2070 1465 2278 1508 decrescat
2300 1466 2346 1521 ⁶)
2357 1480 2368 1516 ;
2409 1468 2578 1508 maxima

248 1540 386 1582 mundi
424 1540 603 1581 membra
641 1540 707 1580 vel
745 1545 916 1592 quatuor
957 1539 1152 1579 elementa
1190 1539 1349 1591 propria
1388 1539 1430 1579 vi
1468 1551 1513 1578 ac
1553 1545 1692 1580 natura
1731 1539 1835 1580 inter
1873 1551 1916 1579 se
1955 1539 2112 1580 inimica
2146 1552 2236 1580 esse
2271 1546 2311 1580 et
2350 1541 2577 1594 pugnantia,

249 1615 322 1656 sed
349 1626 499 1669 gerere
526 1613 594 1656 illa
623 1613 770 1655 bellum
804 1613 1021 1655 certamine
1048 1625 1178 1666 aequo
1202 1612 1268 1667 ⁷);
1300 1612 1495 1654 elementa
1522 1613 1681 1654 misceri
1708 1612 1812 1654 inter
1842 1625 1886 1653 se
1906 1618 1946 1653 et
1965 1625 2092 1655 verno
2112 1613 2270 1667 quidem
2302 1619 2482 1667 tempore
2507 1627 2577 1656 ca-

249 1690 328 1733 lida
347 1694 466 1743 atque
485 1688 657 1738 humida,
677 1685 840 1730 Coelnm
861 1700 906 1728 ac
923 1687 1089 1728 Terram
1109 1694 1289 1739 tanquam
1309 1688 1497 1740 coniugio
1518 1687 1686 1738 quodam
1706 1687 1848 1726 vinciri
1867 1688 1971 1728 inter
1988 1700 2032 1728 se
2052 1688 2249 1730 artissime
2262 1688 2329 1742 8);
2350 1688 2443 1728 hinc
2464 1688 2578 1742 gigni

253 1768 373 1816 atque
422 1762 474 1804 ali
521 1763 561 1804 in
600 1761 746 1803 mundo
794 1773 862 1802 res
901 1761 1032 1801 varias
1078 1772 1245 1801 omnes:
1297 1760 1586 1801 elementorum
1634 1760 1737 1799 enim
1785 1761 1995 1811 particulas
2035 1761 2242 1802 discordes
2291 1762 2395 1801 inter
2445 1774 2489 1802 se
2539 1769 2577 1802 et

252 1836 419 1878 hostiles
439 1836 486 1890 ⁹)
525 1836 701 1877 habitum
741 1847 856 1875 suum
891 1835 1000 1875 velut
1038 1835 1159 1887 ignis,
1198 1835 1302 1874 aei-is
1341 1835 1559 1885 deponere,
1601 1840 1640 1872 ut
1675 1834 1927 1873 convenienti
1965 1835 2120 1874 ratione
2160 1840 2400 1887 temperatae
2436 1835 2474 1874 in
2511 1845 2577 1874 res

257 1909 483 1953 coalescant
510 1921 608 1951 vere
648 1921 773 1949 novas
797 1907 874 1962 ¹⁰).
920 1909 1006 1957 Qua
1044 1907 1202 1959 quidem
1241 1920 1382 1947 caussa
1409 1907 1620 1947 Lucretius
1659 1909 1754 1958 ipsis
1792 1906 1997 1947 elementis
2036 1908 2202 1948 subesse
2242 1908 2441 1948 concludit
2482 1918 2578 1947 cor—

255 1996 353 2037 pora
390 1983 607 2034 individua,
646 1994 778 2033 caeca,
817 1981 915 2022 solis
953 1981 1092 2022 formis
1128 1981 1232 2021 inter
1270 1993 1315 2020 se
1353 1980 1551 2021 distantia.
1612 1980 1626 2020 l
1667 1979 1887 2020 778—82:

828 2056 883 2097 At
921 2054 1138 2108 primordia
1175 2054 1392 2108 gignundis
1431 2055 1472 2094 in
1512 2052 1625 2094 rebu’
1667 2059 1873 2094 necessest

828 2133 1009 2169 naturam
1048 2128 1331 2169 clandestinam
1369 2140 1607 2180 caecamque
1646 2127 1857 2176 adhibere;

830 2203 1003 2243 emineat
1042 2214 1093 2242 ne
1131 2202 1247 2254 quid,
1286 2202 1391 2254 quod
1432 2207 1571 2242 contra
1608 2201 1759 2253 pugnet
1797 2205 1839 2240 et
1877 2199 2010 2240 obstet

829 2276 1041 2329 quominus
1080 2286 1171 2316 esse
1209 2280 1329 2327 queat
1361 2273 1538 2325 proprie
1571 2273 1849 2326 quodcumque
1887 2280 2059 2316 creatur.

424 2351 530 2392 Haec
571 2350 767 2391 sententia
802 2350 878 2389 iam
911 2348 1126 2389 videndum
1159 2353 1221 2389 est
1261 2354 1455 2400 quatenus
1493 2347 1542 2388 ad
1580 2346 1800 2387 animalium
1840 2346 2120 2398 hominumque
2158 2351 2337 2387 naturam
2372 2343 2578 2396 explican-

251 2426 340 2468 dam
384 2425 594 2478 pertineat.
651 2422 862 2465 Lucretius
898 2422 1044 2464 acriter
1082 2420 1249 2463 attendit
1285 2433 1463 2469 rerum‚-
1493 2433 1591 2473 quas
1630 2421 1798 2462 mundus
1838 2421 2035 2471 continet,
2075 2421 2307 2462 varietatem
2348 2420 2576 2460 maximam:

251 2511 393 2540 omnes
432 2509 501 2538 res
539 2507 632 2538 esse
666 2494 847 2537 definitas
887 2500 999 2537 certo
1032 2494 1262 2536 discrimine
1301 2494 1477 2548 generiS,
1516 2494 1588 2535 sed
1617 2495 1929 2548 uniuscuiusque
1963 2494 2126 2548 generis
2160 2505 2228 2535 res
2263 2492 2440 2547 singulas
2476 2494 2579 2534 inter

253 2586 300 2614 se
338 2571 550 2613 dissimiles
597 2582 691 2612 esse
730 2569 854 2620 adeo,
903 2575 948 2610 ut
990 2581 1100 2609 suam
1147 2580 1326 2621 quaeque
1365 2580 1459 2621 prae
1498 2580 1544 2609 se
1590 2567 1693 2610 ferat
1731 2569 1905 2621 speciem
1952 2581 1998 2609 ac
2046 2570 2225 2608 naturam
2270 2568 2470 2620 propriam
2504 2565 2577 2620 ι1).

253 2648 405 2689 Cuncta
452 2649 585 2686 autem
638 2649 680 2685 et
737 2642 918 2684 animalia
965 2649 1007 2684 et
1060 2642 1230 2683 inanima
1284 2649 1362 2685 tam
1415 2644 1520 2684 inter
1565 2654 1610 2685 se
1653 2642 1810 2684 diversa
1856 2654 1946 2684 cum
2001 2641 2052 2682 ali
2101 2641 2231 2683 videat
2278 2646 2319 2682 et
2365 2641 2478 2695 gigni
2528 2653 2580 2681 ex

253 2721 405 2763 eisdem
457 2718 595 2760 mnndi
639 2717 849 2759 elementis
895 2717 1086 2757 continuo
1133 2709 1211 2757 illis
1259 2727 1432 2769 corpora
1477 2716 1580 2759 inter
1626 2728 1671 2758 se
1717 2716 2042 2758 convertentibus
2090 2714 2290 2757 concludit
2336 2715 2462 2766 ipsam
2500 2714 2579 2755 vim
2628 2731 2631 2736 ·

254 2793 452 2837 sentiendi
499 2792 541 2833 in
589 2790 821 2832 animalibus
865 2790 1170 2842 hominibusque
1215 2789 1320 2830 effici
1364 2791 1450 2832 sola
1496 2796 1717 2832 atomorum
1764 2796 2021 2842 motuumque
2066 2789 2232 2842 quadam
2289 2788 2578 2830 convenientia.

410 2933 440 2976 ¹)
466 2933 602 2967 Luci-et.
629 2932 648 2966 I
682 2927 815 2965 1—44.
832 2925 925 2970 —²)
954 2932 991 2964 11
1022 2932 1105 2965 712.
1133 2933 1166 2964 V
1194 2929 1280 2966 442.
1310 2933 1347 2965 11
1377 2932 1462 2966 172.
1493 2950 1533 2956 -
1573 2932 1602 2973 ³)
1632 2934 1650 2965 1
1677 2934 1711 2966 2.
1728 2927 1821 2972 —‘⁸)
1849 2933 2017 2973 Exempla
2041 2932 2269 2973 Empedoclea
2295 2937 2328 2963 et
2352 2931 2535 2972 Euripidea
2560 2942 2580 2963 a.

406 2992 564 3025 Lucretio
588 2992 754 3023 imitatore
780 3000 943 3033 expressa.
967 2991 1064 3023 attuli
1090 2991 1124 3023 in
1150 2997 1293 3032 quaestt.
1310 2991 1458 3024 Lucrett.
1487 3001 1520 3032 p.
1549 2991 1595 3024 37
1626 3003 1696 3033 sqq.
1722 3008 1770 3014 —-
1799 2991 1830 3033 ⁵)
1859 2991 1906 3023 11.
1937 2990 2008 3025 700
2036 3001 2108 3032 sqq.
2136 2991 2169 3022 V
2197 2990 2412 3023 875-922.
2436 2990 2578 3031 Emped.

405 3051 531 3092 fragm.
559 3050 612 3082 ed.
638 3050 787 3083 Karsten
812 3060 847 3092 p.
876 3045 950 3082 445
979 3059 1028 3091 sq.
1059 3065 1104 3072 —
1133 3043 1166 3091 ο)
1194 3050 1232 3082 11
1265 3048 1360 3084 1105
1387 3060 1520 3093 sqq.—
1538 3048 1567 3090 ⁷)
1596 3049 1630 3082 V
1656 3048 1744 3083 392.
1773 3066 1819 3073 —
1848 3042 1879 3091 8)
1907 3050 1927 3083 Ι
1956 3049 2029 3083 250
2057 3059 2128 3092 sqq.
2157 3048 2195 3082 11
2222 3048 2292 3084 991
2323 3058 2395 3090 sqq.
2423 3048 2580 3089 Mythum

408 3111 450 3142 de
476 3109 575 3142 Coeli
601 3114 635 3140 et
659 3109 786 3141 'reme
812 3109 969 3150 coniugio
995 3110 1263 3154 antiquissimum
1288 3111 1361 3150 ipse
1386 3109 1538 3141 laudavit
1564 3110 1766 3141 Aristoteles
1792 3110 1833 3142 de
1859 3119 1935 3151 gen.
1964 3120 2019 3142 an.
2046 3109 2065 3141 1
2092 3109 2126 3142 2.
2154 3124 2187 3131 ·-
2206 3103 2237 3147 ⁹)
2265 3108 2284 3140 1
2314 3106 2498 3140 759-63.
2531 3124 2579 3130 -

411 3185 458 3192 —
501 3167 548 3209 ¹⁰)
582 3168 690 3202 Arist.
736 3169 777 3202 de
818 3178 895 3211 gen.
944 3173 978 3200 et
1018 3178 1103 3201 corr.
1140 3168 1160 3201 Ι
1197 3167 1263 3201 10:
1316 3167 1336 3207 ἡ
1372 3165 1412 3200 δὲ
1450 3167 1548 3211 μίξις
1581 3170 1651 3200 τῶν
1682 3170 1821 3214 μικιῶν
1864 3168 2134 3201 τέλλοιωθένῐων
2177 3165 2316 3203 ἓνωσις.
2359 3182 2407 3189 -
2457 3165 2501 3206 ²¹)
2542 3166 2580 3199 11

407 3224 598 3261 347—81.
