2744 3711
1268 206 1555 246 —14—

241 351 391 400 quanto
429 343 560 386 minor
599 347 707 385 esset
745 340 866 382 animi
904 339 1020 381 dolor
1059 345 1101 381 et
1137 336 1390 389 sollicitudo,
1427 344 1538 380 tanto
1577 337 1767 379 maiorem
1804 335 1919 378 duxit
1950 334 2195 389 voluptatem
2217 333 2274 392 ¹).
2348 336 2483 390 Atque
2517 336 2576 380 illi

240 420 402 474 quidem
438 417 585 459 rationi
610 416 811 470 Epicurus
849 418 1094 455 momentum
1134 412 1324 453 tribuisse
1352 410 1512 452 videtur
1545 411 1771 465 plurimum.
1828 409 2004 452 Etenim>
2023 422 2118 451 esse
2155 410 2254 452 deos
2293 422 2375 451 non
2412 411 2574 453 omnino

241 482 424 549 negavit3
463 490 626 533 sustulit
655 502 680 531 e
707 488 872 540 mundo,
901 498 1003 541 quos
1041 487 1172 526 animo
1209 486 1508 538 informaverat,
1536 485 1717 526 dominos
1745 484 1914 525 acerbos
1947 485 2186 527 necessitate
2222 497 2296 526 sua
2333 485 2418 525 acri
2454 491 2575 537 atque

241 566 400 608 inimica
437 578 530 606 cum
577 564 730 606 liberos
767 567 935 604 naturae
973 567 1104 601 motus
1151 565 1234 601 tum
1287 560 1489 601 hominum
1528 559 1730 600 libidinem
1765 569 1924 599 omnem
1962 558 2245 611 opprimentes.
2303 559 2420 613 Diog.
2455 559 2498 600 1..
2537 559 2574 599 Χ

245 638 360 681 133:
427 639 476 679 τό
518 636 563 678 δὲ
601 634 701 691 παρ’
729 614 849 690 ἦιιῶν
888 631 1139 674 ἀδέσποτον·
1201 626 1235 688 ᾦ
1273 632 1348 673 καὶ
1385 634 1432 673 ui
1472 632 1661 684 μεμπτὸν
1699 629 1774 671 καί
1812 631 1858 672 τό
1898 630 2085 671 ἐναντίον
2122 634 2462 687 παρακολουθεῖν
2499 630 2574 672 πέ-

242 728 392 768 φυκεν·
453 710 546 753 ἐπεὶ
583 717 768 765 κρεῖττον
815 702 867 762 ἦν
904 707 962 763 τῷ
999 704 1096 760 περὶ
1131 707 1248 747 θεῶν
1295 705 1423 762 μύθῳ
1463 707 1797 747 κατακολουθεῖν
1833 701 1860 758 ἢ
1899 704 1949 759 τῇ
1987 704 2072 745 τῶν
2110 705 2305 759 φυσικῶν
2343 703 2571 761 εἱμαρμένῃ

243 784 462 828 δουλεύειν.
505 785 614 827 Illam
647 783 926 826 necessitatem
965 788 1009 823 ut
1045 780 1222 822 funditus
1260 780 1435 832 tolleret,
1470 780 1635 834 'operam
1673 778 1825 832 putavit
1862 778 2029 820 dandam
2068 790 2160 821 esse
2199 779 2341 821 studiis
2379 779 2569 834 physicis.

241 858 410 902 Addixit
446 869 493 901 se
521 856 770 905 Democrito;
812 854 884 897 sed
922 859 1075 896 atomos
1113 857 1155 895 et
1193 853 1361 907 spatium
1399 853 1518 895 inane
1556 856 1756 895 mutuatus
1795 852 2086 904 necessitatem,
2125 864 2244 906 quam
2282 853 2350 895 ille
2388 858 2572 908 tanquam

242 936 451 974 aeternum
480 924 669 983 posuerat
699 928 887 970 movendi
918 927 1168 981 principium,
1197 924 1414 980 reiecit2),
1444 927 1530 979 ipse
1548 925 1694 966 nullam
1714 930 1881 966 naturae
1899 936 2079 981 caussam
2096 927 2350 979 praeposuit,
2379 927 2450 968 sed
2469 926 2572 968 tacta

241 1017 334 1047 esse
372 1010 413 1046 et
450 1004 537 1045 fieri
565 1003 697 1044 omnia
735 1001 835 1043 dixit
873 988 1042 1042 naturae
1067 998 1238 1040 motibus
1268 999 1398 1041 caecis
1438 1006 1478 1042 et
1505 998 1617 1053 quasi
1644 997 1900 1047 voluntariis;
1942 1010 2045 1051 quos
2073 1004 2204 1040 motus
2231 1011 2286 1040 ex
2317 1000 2570 1042 animantium

239 1060 456 1131 praecipue
494 1082 661 1119 naturae
698 1074 862 1116 libidine
888 1073 1047 1115 videtur
1085 1071 1300 1114 deduxisse
1325 1071 1382 1128 ³).
1441 1073 1506 1115 Ad
1543 1072 1769 1115 huiusmodi
1806 1071 1948 1124 placita
1981 1072 2158 1125 Epicuri,
2199 1073 2233 1114 si
2271 1085 2435 1126 quaero,
2477 1086 2570 1115 num

238 1151 324 1206 ipsa
344 1149 647 1206 philosophandi
684 1148 813 1201 ratio,
863 1158 964 1201 quae
1002 1146 1070 1189 illo
1109 1151 1288 1199 tempore
1326 1146 1510 1202 vigebat,
1561 1146 1749 1189 conferre
1788 1145 1932 1209 aliquid
1973 1147 2169 1200 potuerit,
2221 1139 2570 1191 nullaminvenio

239 1225 464 1268 doctrinam
493 1224 619 1280 magis
648 1223 726 1266 illis
754 1222 879 1264 fuisse
905 1220 1238 1263 accommodatam
1258 1232 1376 1274 quam
1396 1220 1707 1263 Aristotelicum.
1748 1221 1989 1273 Quamquam
2017 1221 2111 1263 nolo
2131 1220 2329 1264 affirmare
2355 1222 2571 1276 Epicurum

239 1299 389 1342 acriori
425 1292 561 1342 mente
591 1299 633 1340 in
667 1297 881 1352 stagiritae
914 1295 1201 1350 philosophiam
1235 1294 1507 1349 inquisivisse3
1542 1300 1592 1345 at,
1632 1294 1708 1335 nisi
1742 1305 1909 1346 prorsus
1944 1294 1993 1335 ad
2027 1296 2157 1336 omnia
2191 1308 2335 1337 caecus
2371 1295 2456 1348 fuit,
2492 1308 2571 1338 non

238 1374 366 1428 pot'uit
404 1374 594 1428 ignorare
628 1372 746 1413 huius
781 1361 884 1411 nov'a
918 1369 1111 1423 quaedam
1150 1368 1199 1408 de
1240 1367 1316 1408 deo
1350 1367 1494 1420 placita
1529 1378 1750 1420 novamque
1784 1367 1980 1407 rationem
2015 1367 2249 1421 explorandi
2288 1380 2355 1409 res
2390 1377 2569 1410 naturae.

238 1446 481 1488 Aristoteles
519 1450 650 1486 autern
689 1443 805 1484 facile
840 1442 1050 1483 videbatur
1087 1441 1173 1494 ipse
1211 1440 1328 1480 deum
1368 1441 1499 1480 omnia
1538 1440 1646 1480 illum
1686 1440 1814 1492 primo
1857 1446 2082 1481 moventem
2122 1441 2329 1494 ipsumque
2367 1442 2570 1483 immotum

238 1532 291 1561 ex
329 1519 477 1561 mundo
517 1518 695 1559 funditus
735 1517 905 1558 eiecisse
945 1520 985 1556 et
1023 1516 1062 1555 in
1102 1514 1273 1556 extimos
1312 1514 1447 1555 coelos
1488 1515 1600 1566 quasi
1638 1513 1853 1567 relegasse,
1895 1514 1962 1554 ubi
2002 1514 2110 1555 nullo
2150 1516 2315 1569 negotio
2354 1516 2572 1557 obstrictus

239 1592 323 1634 sola
363 1590 566 1646 perfectae
604 1591 730 1643 ipsius
769 1595 935 1631 naturae
975 1586 1305 1640 contemplatione
1343 1586 1539 1640 gauderet
1557 1584 1619 1639 ²⁴).
1678 1586 1864 1639 Idemque
1903 1587 1943 1626 in
1983 1587 2317 1641 rebus-singulis,
2357 1600 2458 1640 quae
2496 1588 2570 1629 sub
2608 1628 2612 1633 ,

239 1665 354 1708 coelo
392 1665 506 1715 fiunt,
546 1663 793 1716 explicandis
831 1662 947 1703 facile
986 1662 1194 1702 videbatur
1234 1666 1399 1701 naturae
1439 1660 1591 1701 caussis
1619 1661 1762 1711 omnia,
1803 1660 1897 1701 nihil
1937 1657 2058 1702 menti
2098 1661 2255 1702 divinae
2295 1662 2489 1704 tribuisse
2513 1662 2571 1715 5).

238 1738 564 1793 Reprehenderat
602 1737 668 1777 ille
707 1736 892 1778 severius
931 1735 1118 1787 physicos
1148 1734 1393 1785 antiquiores
1423 1740 1464 1774 et
1506 1734 1665 1785 saepius
1694 1734 1852 1786 quidem
1882 1733 2178 1786 Empedoclem,
2218 1736 2324 1787 quod
2354 1736 2402 1775 ad
2437 1748 2570 1775 casum

236 1820 278 1853 et
316 1811 516 1851 fortunam
555 1799 701 1863 primas
741 1822 877 1849 rerum
917 1821 1079 1848 caussas
1119 1808 1389 1848 rettulissent:
1437 1809 1622 1859 quoniam
1664 1822 1727 1848 res
1769 1810 1808 1847 in
1848 1809 1996 1848 mundo
2036 1821 2193 1859 semper
2234 1809 2297 1848 vel
2337 1810 2572 1860 plerumque

238 1887 381 1927 fierent
421 1886 562 1926 ordine
601 1886 768 1935 eodem,
817 1883 1009 1935 consequi
1052 1883 1207 1923 dixerat
1246 1889 1425 1922 naturam
1466 1894 1587 1935 agere
1626 1882 1674 1921 ad
1720 1889 1872 1922 eertum
1921 1883 2036 1923 linem
2077 1889 2116 1923 et
2155 1883 2351 1923 rationem
2383 1883 2451 1936 (ὓς
2501 1883 2572 1923 sed

237 1962 346 2001 idem
374 1973 464 2014 cum
493 1960 687 2000 noluisset
717 1966 898 1999 naturam
936 1957 975 1997 in
1015 1957 1136 1997 rebus
1165 1956 1378 2009 gignendis
1409 1970 1498 1996 esse
1526 1957 1847 2006 ratiocinantem,
1885 1957 2130 2015 iudicaverat
2168 1957 2275 1997 illam
2308 1957 2571 2006 sui-insciam

238 2034 336 2075 artis
379 2033 506 2073 instar
544 2032 699 2086 fingere
747 2032 877 2072 omnia
916 2036 957 2071 et
1004 2043 1235 2082 procreare.
1295 2029 1411 2082 Phys.
1451 2028 1487 2069 ll
1532 2029 1599 2069 12:
1649 2022 1823 2069 ’Ἄτοπον
1864 2029 1908 2069 δὲ
1948 2029 2022 2079 καί
2061 2030 2106 2069 τό
2146 2029 2204 2081 μῆ
2247 2027 2414 2069 οἴεσθαι
2455 2027 2572 2069 ἕνεκά

237 2123 311 2146 του
349 2104 586 2158 γίγνεσθαι,
628 2104 700 2144 ἐὰν
737 2103 795 2156 ptr)
839 2101 962 2143 ἴδωσι
1005 2102 1053 2142 τό
1094 2103 1231 2142 κινοῦν
1278 2099 1616 2152 βουλευσάμενον.
1676 2101 1834 2142 Καίτοι
1883 2100 1957 2142 καί
1996 2100 2021 2154 ἡ
2070 2100 2190 2154 τέχνη
2233 2099 2280 2141 οὐ
2319 2102 2571 2153 βουλεύεται.

235 2179 471 2221 Huiusmodi
510 2179 651 2231 placita
691 2177 918 2220 Aristotelis
967 2177 1033 2229 qui
1072 2177 1211 2229 primis
1252 2176 1372 2216 labris
1413 2180 1633 2229 gustasset,
1684 2187 1775 2216 eum
1823 2176 1937 2218 facile
1976 2176 2024 2217 ad
2073 2176 2262 2217 materiae
2309 2176 2572 2229 principatum

235 2253 447 2305 solamque
475 2253 555 2294 vim
594 2257 762 2293 naturae
800 2250 1041 2304 efferendam
1072 2250 1205 2292 induci
1236 2250 1426 2301 potuisse,
1457 2249 1717 2301 Theophrasti
1743 2249 1810 2291 ille
1837 2250 2053 2302 discipulus
2087 2249 2270 2301 probavit
2294 2250 2425 2291 Strato
2452 2249 2573 2291 Lam-

238 2338 450 2380 psacenus,
491 2339 608 2380 quem
636 2338 757 2379 supra
786 2324 869 2366 dixi
904 2323 1027 2366 multa
1066 2337 1157 2365 cum
1186 2323 1360 2376 Epicuro
1399 2322 1583 2365 habuisse
1622 2324 1860 2365 communia.
1919 2323 1990 2365 llle
2018 2337 2119 2365 cum
2155 2323 2195 2365 in
2235 2322 2319 2365 aliis
2358 2323 2481 2365 rebus
2522 2323 2571 2364 ab

239 2399 418 2454 Epicuro
457 2402 716 2442 veliementer
740 2398 1001 2450 dissentiret,
1041 2404 1084 2440 ut
1123 2396 1187 2438 vel
1226 2396 1352 2450 palam
1391 2397 1550 2450 scriptis
1587 2410 1677 2439 eum
1716 2399 1985 2452 impugnaret,
2023 2397 2098 2439 hac
2138 2404 2268 2440 tamen
2308 2411 2354 2439 re
2393 2410 2483 2439 cum
2522 2410 2571 2439 eo

241 2475 500 2527 conspiravit,
540 2473 648 2527 quod
687 2472 796 2514 nulla
833 2479 966 2514 mente
1007 2472 1138 2512 divina
1178 2471 1362 2524 nullaque
1401 2471 1574 2512 Deorum
1614 2485 1736 2525 opera
1776 2484 1876 2526 opus
1916 2485 2008 2514 esse
2047 2472 2096 2513 ad
2137 2471 2408 2513 fabricandum
2448 2484 2570 2513 mun-

239 2547 334 2590 dum
373 2547 557 2600 opinatus
598 2552 672 2589 est.
730 2544 815 2588 Nec
855 2545 984 2588 minus
1023 2544 1227 2587 consensit
1266 2557 1356 2586 cum
1395 2544 1593 2597 Epicuro,
1640 2546 1747 2599 quod
1787 2545 1974 2588 mundum
2023 2546 2259 2589 animantem
2299 2558 2391 2588 esse
2431 2544 2571 2589 noluit.

237 2621 419 2674 Denique
457 2620 619 2674 utrique
658 2618 893 2673 philosopho
922 2619 1050 2662 visum
1080 2624 1142 2661 est
1181 2619 1316 2662 mundi
1345 2618 1525 2661 ordinem
1562 2632 1657 2672 non,
1698 2626 1743 2663 ut
1770 2619 2009 2663 Aristoteles
2037 2619 2287 2672 decreverat,
2327 2633 2378 2662 ex
2407 2625 2572 2662 aeterno

239 2700 421 2750 tempore
459 2709 551 2739 esse
580 2694 852 2747 constitutum,
891 2693 964 2737 sed
1002 2692 1214 2747 aliquando
1244 2693 1443 2748 incepisse
1470 2699 1510 2737 et
1548 2707 1599 2737 ex
1638 2700 1742 2738 statu
1773 2694 1957 2749 quodam,
1994 2694 2036 2737 in
2072 2707 2152 2748 quo
2192 2707 2308 2738 casus
2349 2699 2572 2749 regnasset,

399 2848 428 2889 ¹)
449 2847 660 2890 Diog.L.X
680 2845 761 2881 136.
782 2846 864 2881 139.
895 2845 967 2879 Cic.
996 2848 1037 2879 de
1064 2847 1120 2879 fin.
1149 2846 1167 2879 Ῑ
1199 2847 1254 2880 11.
1283 2863 1331 2870 —
1358 2845 1390 2888 2)
1419 2846 1624 2888 Diog.L.x
1652 2847 1713 2882 90.
1743 2864 1789 2871 —
1820 2845 1850 2885 3)
1879 2847 1932 2880 De
1946 2847 2011 2879 hac
2028 2856 2063 2879 re
2077 2847 2214 2879 uberius
2229 2847 2395 2889 disputavi
2413 2847 2447 2879 in
2462 2845 2573 2886 Quae-

394 2908 559 2940 stionibus
585 2906 808 2948 Lucretianis‚
835 2916 918 2949 quas
947 2907 1033 2937 edidi
1060 2906 1201 2938 Bonnae
1234 2903 1326 2939 1847
1356 2917 1390 2950 p.
1420 2905 1479 2938 28.
1510 2923 1556 2928 —-
1582 2904 1615 2949 ¹⁸)
1643 2907 1749 2940 Arist.
1778 2908 1819 2939 dc
1847 2907 1941 2939 coelo
1968 2907 2005 2939 11
2038 2907 2101 2939 12:
2129 2907 2175 2951 τῷ
2204 2904 2290 2943 δἀἱς
2318 2905 2425 2951 aquea
2453 2905 2570 2949 ἔχοντι

395 2966 507 2999 οὐθὲν
534 2964 597 2998 δεῖ
621 2965 797 3009 πράξεως.
850 2966 973 2997 Zeller.
1002 2966 1024 2996 1.
1055 2966 1078 2996 l.
1106 2966 1144 2997 11
1171 2962 1257 2998 436.
1286 2962 1372 3000 440.
1426 2967 1582 2999 Brundis.
1618 2969 1642 2999 l.
1680 2969 1703 2999 l.
1732 2968 1789 3000 111
1817 2964 1891 2999 574
1929 2977 1999 3009 sqq.
2053 2968 2197 2999 Divinae
2232 2967 2383 2998 felicitati
2420 2967 2574 3006 congruit

395 3025 563 3064 humana,
603 3035 678 3055 cum
704 3025 816 3066 posita.
842 3025 885 3055 sit
911 3024 946 3055 in
972 3024 1092 3054 mentis
1119 3025 1419 3067 contemplatione,
1459 3035 1544 3066 quae
1582 3037 1617 3058 se
1652 3027 1725 3068 ipsa
1761 3031 1812 3058 est
1838 3032 2006 3058 contenta.
2060 3027 2170 3059 Arist.
2198 3026 2279 3058 Eth.
2307 3025 2382 3057 Nic.
2409 3025 2444 3056 X
2475 3024 2507 3056 7.
2535 3025 2571 3058 8.

395 3084 666 3122 similitudinem,
691 3094 781 3125 quae
807 3084 958 3125 Epicuro
985 3089 1035 3115 est
1061 3094 1138 3115 cum
1159 3085 1354 3124 Aristotele,
1381 3086 1489 3125 tangit
1514 3086 1637 3117 Zeller.
1664 3087 1687 3117 l.
1716 3087 1739 3117 l.
1768 3087 1825 3117 111
1854 3086 1938 3119 276.
1970 3102 2014 3109 -
2045 3086 2076 3127 5)
2104 3087 2228 3118 Zeller.
2256 3086 2293 3117 11
2321 3080 2394 3116 455
2424 3095 2495 3126 sqq.
2526 3101 2572 3107 —

395 3137 426 3184 ⁶)
463 3142 571 3184 Phys.
599 3142 637 3175 11
664 3141 707 3175 ὃς
756 3138 952 3175 Ἀδύνατον
979 3139 1020 3174 δὲ
1047 3143 1152 3175 ταῦτα
1186 3143 1309 3176 τοῦτον
1334 3141 1433 3186 ἔχειν
1467 3143 1530 3176 τὸν
1557 3143 1710 3188 τρόπον·
1762 3147 1867 3178 ταῦτα
1893 3144 1963 3189 μὲν
1990 3145 2061 3189 γὰρ
2096 3145 2156 3177 καὶ
2184 3141 2303 3177 πάντα
2338 3144 2380 3176 τοὶ
2407 3143 2516 3187 φύσει
2553 3140 2573 3185 ἢ

395 3201 452 3234 αἐἱ
490 3199 582 3234 οὕτω
618 3204 755 3245 γίνεται
783 3198 803 3242 ἢ
830 3200 878 3237 οἷς
914 3201 975 3234 ἐπὶ
1012 3202 1048 3234 τὰ
1078 3199 1181 3234 πολύ·
1233 3204 1303 3235 τῶν
1338 3200 1449 3235 δἰἷπὸ
1487 3201 1589 3245 τύχης
1626 3206 1683 3236 καὶ
1719 3207 1778 3237 τοῦ
1807 3202 2008 3249 αυίομάιου
2035 3202 2152 3237 οὐδέν.
