2744 3711
1245 219 1531 262 —18—

218 351 295 394 alia
311 351 493 407 xquidem
529 359 576 395 ut
612 363 710 394 aves
748 363 802 394 ex
839 352 950 403 ovis,
990 354 1065 395 alia
1102 359 1148 395 ut
1184 354 1366 395 homines
1404 366 1460 394 ex
1494 353 1635 395 uteris·
1657 352 1891 406 quibusdm
1930 361 2065 396 terrae
2101 356 2408 400 adhaerentibus
2445 369 2544 399 eru·

219 423 327 480 pisse
364 431 614 469 commentus
647 430 713 469 est
735 423 794 481 ²).
853 426 931 470 Ovi
967 426 1152 481 exemplo
1189 425 1395 481 proposito
1421 425 1634 469 Lucretius
1676 423 1888 468 transitum
1925 426 2002 469 sibi
2032 429 2194 481 paravit
2231 429 2281 472 ad
2318 428 2550 473 refutandos

218 497 387 541 διοίσω.
445 499 495 541 Εἰ
531 499 641 541 enim
679 499 832 542 animas
870 504 1060 555 putarunt
1096 500 1208 544 nasci
1245 498 1286 542 in
1322 498 1506 543 humanis
1542 498 1781 554 corporibus
1819 499 1890 544 sed
1929 500 2004 544 sub
2039 500 2170 561 ipsum
2196 501 2355 546 demum
2392 509 2549 557 partum

219 573 439 615 mutatione
474 573 609 627 aliqua
646 573 747 616 foris
784 585 860 627 per
897 576 1032 617 aerem
1069 572 1171 616 facta
1207 573 1372 616 animari
1410 580 1452 618 et
1490 584 1631 617 sensus
1671 573 1816 630 vigore
1852 573 2011 617 incendi
2043 572 2101 629 2).
2163 575 2288 626 Quam
2321 577 2546 632 opinionem

217 646 430 689 Lucretius
457 646 608 690 refellit
633 647 817 702 argutius
846 646 1018 690 afferens
1042 647 1298 689 mutationem
1326 648 1489 689 omnino
1521 647 1686 690 evenire
1723 658 1803 689 non
1841 658 1977 700 posse,
2014 647 2092 690 nisi
2122 642 2312 692 materiae
2343 650 2548 705 particulis

216 725 311 762 ante
342 719 564 762 conciliatis
579 718 645 775 ⁸).
695 719 814 763 Redit
846 732 948 775 ergo
982 726 1100 774 poeta
1135 720 1184 761 ad
1217 721 1453 762 sententiam
1487 721 1538 763 de
1574 725 1753 762 motuum
1786 720 2065 763 convenientia
2073 718 2144 776 ‘03
2181 723 2223 763 in
2257 724 2342 765 sola
2378 724 2442 765 illa
2460 725 2550 777 pri-

218 803 323 834 mam
360 803 505 834 sensus
541 804 722 834 caussam
762 804 854 833 esse
892 792 1126 845 ponendam.

344 916 347 919 v
393 865 474 908 Cur
506 865 718 908 Lucretius
755 878 808 908 ne
839 866 983 909 Stoicis
1021 867 1181 921 quidem
1214 868 1453 920 pepercerit,
1494 867 1563 920 qui
1599 872 1642 909 et
1678 866 1754 919 ipsi
1791 866 1902 908 nasci
1939 868 2089 909 animas
2128 869 2404 922 opinarentur,
2427 871 2482 911 *id
2515 871 2550 911 si

218 950 411 995 quaeras,
440 938 761 994 respondendum
788 940 888 993 erit,
915 938 1137 994 Epicureos
1165 940 1245 983 vim
1270 940 1413 994 igneae
1442 939 1528 982 sive
1556 942 1697 981 aereae
1723 940 1910 982 materiae
1935 941 2161 990 sustulisse,
2198 954 2279 994 quo
2308 942 2468 984 illorum
2499 944 2548 984 de

217 1014 303 1069 igni
330 1013 556 1067 spirituque
584 1012 751 1055 coelesti
778 1018 818 1055 et
847 1013 982 1056 divino
1008 1014 1096 1056 sive
1123 1013 1174 1055 de
1200 1013 1328 1055 anima
1365 1012 1503 1054 mundi
1529 1012 1756 1066 opinionem
1784 1012 2071 1054 convellerent.
2113 1000 2229 1055 ‘Nam
2261 1015 2359 1056 illud
2392 1016 2549 1068 quidem

176 1074 178 1077 ⁸
214 1085 293 1140 ipsi
320 1084 573 1127 affirmarunt
600 1084 789 1128 coelestis
817 1085 963 1128 caloris
980 1085 1021 1128 in
1049 1089 1191 1128 natura
1211 1091 1253 1128 et
1281 1085 1544 1128 animantibus
1562 1086 1642 1128 vim
1669 1097 1761 1128 esse
1789 1087 2018 1136 maximam3
2047 1088 2155 1139 quin,
2184 1088 2291 1139 quod
2313 1088 2415 1129 infra
2432 1089 2549 1129 vide-

214 1159 361 1211 bimus,
389 1159 431 1200 in
466 1158 585 1200 animi
619 1158 749 1202 nostri
776 1169 948 1211 corpore
974 1158 1209 1212 explicando
1235 1158 1441 1212 particulis
1467 1159 1597 1213 igneis
1632 1165 1672 1201 et
1703 1160 1849 1210 aereis,
1882 1171 1985 1212 quae
2020 1172 2072 1201 ex
2109 1161 2376 1202 crassioribus
2414 1151 2548 1202 mundi

215 1232 424 1275 elementis
441 1238 578 1275 essent
596 1232 803 1285 conflatae,
822 1231 917 1275 alias
935 1232 1173 1275 addiderunt
1191 1233 1350 1275 nomine
1364 1238 1554 1274 vacantes
1571 1238 1612 1274 et
1632 1231 1842 1284 elemento,
1862 1232 1979 1285 quale
1988 1233 2227 1276 Aristoteles
2242 1235 2278 1285 ⁵)
2299 1234 2550 1285 definiverat,

214 1307 373 1360 puriori
388 1312 508 1360 atque
527 1305 662 1348 astrali
681 1306 769 1348 sive
788 1306 976 1349 aethereo
995 1306 1232 1361 simillimas3
1265 1307 1336 1348 sed
1363 1306 1451 1348 illas
1474 1307 1688 1359 particulas
1717 1307 1931 1348 noluerunt
1957 1306 2118 1349 haustas
2145 1320 2237 1349 esse
2257 1321 2310 1349 ex
2341 1309 2443 1350 coeli
2462 1309 2548 1349 sive

216 1380 353 1422 mundi
378 1386 520 1421 natura
548 1380 682 1421 divina
710 1385 752 1421 et
779 1379 1043 1434 intelligente.
1088 1380 1293 1422 Eiusmodi
1321 1380 1374 1420 de
1401 1379 1557 1433 origine
1587 1379 1718 1420 divina
1747 1379 1930 1432 placitum
1957 1379 2119 1432 Epicuri
2148 1380 2352 1423 doctrinae
2380 1393 2546 1435 prorsus

213 1453 340 1496 fuisse
359 1453 530 1496 alienum
559 1442 731 1497 testatur
750 1453 908 1506 Cicero,
930 1455 998 1507 qui
1026 1455 1066 1495 in
1089 1455 1218 1508 primo
1236 1455 1287 1496 de
1307 1459 1446 1495 natura
1465 1453 1630 1494 deorum
1650 1453 1752 1495 libro
1766 1452 1812 1508 ⁶)
1831 1453 1984 1494 Cottam
2003 1454 2155 1495 inducit
2173 1455 2373 1507 Epicureo
2394 1456 2547 1496 Velleio

212 1528 306 1569 talia
334 1534 621 1582 opponentem:
651 1527 838 1580 „Semina
865 1528 1031 1570 deorum
1060 1528 1257 1570 decidisse
1279 1527 1328 1569 de
1350 1525 1465 1568 coelo
1492 1525 1531 1566 in
1561 1532 1692 1568 terras
1719 1533 1901 1580 putamus
1926 1532 1977 1569 et¹
1996 1528 2054 1568 sic
2085 1528 2265 1569 homines
2296 1533 2451 1580 patrum
2488 1529 2549 1569 si·-

213 1601 329 1642 miles
364 1602 596 1644 exstitisse?
663 1601 816 1642 Vellem
864 1601 1050 1643 diceretis
1060 1615 1071 1651 ;
1120 1601 1287 1643 deorum
1337 1599 1616 1653 cognationem
1661 1611 1923 1653 agnoscerem
1971 1612 2050 1641 non
2094 1601 2255 1643 invitus.
2320 1601 2427 1643 Nihil
2465 1601 2542 1642 tale

215 1675 369 1727 dicitis,
408 1675 480 1716 sed
518 1686 613 1716 casu
652 1686 744 1716 esse
782 1673 951 1727 factum,
1001 1680 1044 1716 ut
1081 1686 1263 1719 essemus
1301 1673 1451 1714 similes
1489 1672 1700 1713 deorum.“
1759 1674 1867 1715 Ante
1908 1675 2063 1716 Stoicos
2101 1675 2268 1715 simil‘em
2305 1675 2542 1716 sententiam

216 1748 387 1802 amplexi
426 1754 540 1790 erant
569 1761 592 1790 e
619 1748 784 1790 Graecis
818 1748 1063 1803 philosophis
1093 1748 1333 1803 Pythagorei
1361 1752 1403 1788 et
1431 1747 1706 1800 Anaxagoras,
1747 1760 1770 1788 e
1804 1748 1932 1800 poetis
1960 1748 2219 1800 Epicharmus
2250 1756 2289 1790 et
2318 1748 2542 1801 Euripides,

211 1834 314 1875 quos
350 1823 491 1864 imitati
529 1828 622 1863 sunt
657 1828 800 1875 poetae
840 1822 967 1863 Latini
999 1821 1057 1875 ⁷).
1115 1822 1327 1863 Lucretius
1367 1821 1407 1860 in
1448 1821 1537 1872 ipso
1577 1821 1760 1860 carminis
1799 1822 1862 1862 sui
1901 1822 2068 1862 exordio
2111 1822 2239 1875 tangit
2279 1829 2542 1862 commentum

159 1932 162 1942 .
210 1895 434 1938 Ennianum
454 1894 502 1949 ⁸)
540 1895 592 1936 de
619 1893 772 1946 animis,
811 1907 913 1948 quae
947 1895 1065 1948 pullis
1094 1895 1283 1936 divinitus
1314 1894 1623 1944 insinuarentur,
1663 1894 1738 1934 alio
1767 1893 1855 1935 loco
1885 1895 2120 1936 sententiam
2155 1895 2301 1936 refutat
2334 1896 2478 1935 Pacuvi
2496 1896 2541 1948 9)

210 1968 400 2011 Aetheris
427 1969 510 2009 vim
538 1976 723 2022 tanquam
756 1968 929 2009 divinam
957 1968 1162 2009 laudantis.
1223 1969 1348 2017 Quam
1378 1980 1476 2008 vero
1506 1968 1652 2008 acriter
1672 1968 1857 2019 Epicurei
1887 1969 1991 2008 illam
2020 1969 2070 2009 de
2101 1970 2226 2008 anima
2257 1969 2392 2009 mundi
2413 1969 2542 2021 deque

212 2041 316 2082 coeli
343 2046 384 2083 et
412 2041 589 2083 siderum
609 2041 823 2084 'divinitate
852 2042 1079 2094 opinionem
1109 2041 1426 2095 exagitaverint,
1460 2053 1511 2081 ex
1537 2040 1801 2094 disputatione
1827 2042 1999 2097 intelligi
2029 2048 2159 2095 potest
2184 2042 2372 2095 Epicurei
2401 2041 2540 2092 Vellei,

210 2127 330 2169 quem
349 2116 665 2158 dissentientium
693 2116 1019 2169 philosophorum
1040 2115 1181 2168 placita
1202 2114 1480 2167 explodentem
1511 2113 1603 2155 facit
1622 2114 1761 2157 Cicero
1786 2114 1857 2172 ¹⁰).
1899 2117 2010 2158 Ratio
2031 2117 2289 2171 gravissima,
2320 2129 2396 2169 qua
2415 2116 2540 2157 utitur

210 2190 400 2241 Velleius,
440 2191 567 2242 posita
596 2191 724 2232 estin
755 2191 837 2242 illa,
876 2203 992 2243 quam
1031 2202 1153 2243 supra
1194 2189 1319 2241 attuli,
1359 2189 1555 2229 sententia
1583 2188 1744 2241 Epicuri
1773 2190 1954 2242 dicentis,
1998 2196 2168 2232 mentem
2209 2203 2288 2231 non
2329 2191 2368 2231 in
2407 2190 2540 2242 quoli-

208 2264 279 2306 Itet
306 2275 492 2316 corpore,
531 2264 603 2304 sed
637 2263 724 2305 solo
752 2264 791 2304 in
831 2264 1002 2305 humano
1031 2264 1210 2304 existere
1241 2270 1279 2305 et
1310 2264 1450 2316 vigere
1480 2273 1599 2315 posse
1625 2262 1699 2316 ¹¹).
1760 2263 1870 2305 Unde
1897 2264 1973 2304 iam
2004 2263 2151 2305 clarius
2190 2268 2367 2315 apparet,
2395 2268 2539 2315 quanta

211 2338 264 2379 sit
288 2337 463 2390 Epicuro
502 2337 716 2379 similitudo
755 2350 846 2378 cum
873 2337 1104 2386 Aristotele,
1145 2337 1213 2389 qui
1252 2336 1425 2389 quidem,
1464 2341 1507 2376 ut
1543 2347 1661 2387 supra
1700 2337 1871 2389 ostendi,
1911 2337 1950 2377 in
1980 2337 2255 2389 superioribus
2296 2336 2537 2388 philosophis

369 2488 405 2538 θ’
432 2496 486 2530 Cs.
512 2497 672 2530 Karsten.
700 2496 724 2528 1.
751 2495 774 2528 1.
803 2506 837 2538 p.
866 2492 938 2528 441
978 2480 1047 2538 sqq.
1076 2497 1210 2529 Lucret.
1239 2496 1273 2528 V
1303 2495 1374 2529 790
1404 2505 1474 2535 sqq.
1512 2512 1559 2518 —
1594 2493 1625 2534 2)
1663 2495 1797 2527 Lucret.
1825 2496 1863 2527 ΙΙ
1891 2492 2082 2527 931-44.
2137 2495 2347 2537 Chrysippus
2375 2506 2430 2536 ap.
2459 2494 2540 2526 Plu-

363 2557 472 2590 tarch.
501 2558 542 2590 de
560 2557 663 2590 Stoic.
691 2556 848 2598 Repugn.
875 2565 905 2588 c.
934 2551 1006 2587 41:
1032 2557 1071 2587 τΰ
1097 2558 1232 2601 βρέφος
1259 2556 1298 2588 ἐν
1324 2557 1363 2600 τῇ
1389 2555 1513 2599 γαστρὶ
1541 2552 1650 2597 φύσει
1677 2557 1889 2599 τρέφεσθαι,
1918 2556 2072 2600 νομίζει,
2098 2554 2268 2599 καθάπερ
2290 2553 2404 2599 φυτόν
2420 2561 2428 2569 ·
2457 2551 2540 2586 ὅταν

365 2614 404 2648 δὲ
432 2617 561 2662 τεχθῇ,
589 2612 824 2659 ψυχούμενον
851 2612 924 2648 ὑπὸ
951 2613 1011 2648 τοῦ
1039 2613 1143 2660 ἀέρος
1170 2616 1229 2648 καὶ
1257 2612 1507 2659 στομούμενον
1534 2614 1571 2646 τὸ
1599 2615 1743 2659 πνεῦμα
1770 2612 2018 2659 μεταβάλλειν,
2047 2615 2105 2646 καὶ
2132 2616 2304 2658 γίνεσθαι
2332 2613 2435 2652 ζῶον.
2483 2612 2537 2646 cf.

362 2676 511 2708 Lobeck.
538 2676 715 2718 Aglaoph.
743 2675 763 2707 Ι
789 2685 824 2717 Ρ.
856 2674 940 2710 758.
994 2675 1212 2708 Tiedemann.
1242 2674 1332 2717 Syst.
1360 2673 1492 2706 l‘hilos.
1521 2671 1623 2705 Stoic.
1651 2673 1688 2706 11
1719 2669 1790 2707 148
1820 2684 1891 2715 sqq.
1910 2691 1953 2696 —
1977 2672 2005 2713 3)
2036 2673 2121 2707 Cum
2149 2674 2359 2706 Lucretianis
2387 2674 2538 2705 versibus

364 2735 553 2768 926—31.
583 2730 759 2769 937-41
787 2735 890 2777 plane
925 2741 1115 2777 congruunt
1148 2736 1252 2768 verba
1278 2733 1455 2767 Plutarchi
1489 2733 1523 2764 in
1551 2732 1705 2776 Sympos.
1735 2733 1772 2765 II
1800 2738 1929 2776 quaest.
1958 2732 1992 2775 3,
2022 2733 2065 2767 2:
2119 2730 2252 2777 ἀνάγκη
2279 2732 2349 2777 γιὲρ
2377 2731 2416 2765 ἐν
2441 2729 2539 2776 πάσῃ

360 2796 537 2838 μεταβολῇ
564 2793 741 2838 πρότερον
754 2793 849 2825 εἶναι
864 2797 925 2825 τοῦ
948 2794 1244 2838 μεταβάλλοντος,
1273 2795 1308 2831 ἐξ
1336 2785 1377 2825 οὗ
1405 2792 1585 2835 μετέβαλε.
1615 2792 1745 2822 σκόπει
1777 2790 1830 2827 δέ,
1861 2789 1913 2823 ὅτι
1942 2795 2091 2827 σκνῖπες
2118 2791 2157 2823 ἐν
2184 2788 2324 2836 δένδρῳ
2351 2791 2410 2821 καὶ
2437 2799 2539 2834 τερη-

363 2851 470 2891 δόνες
484 2848 686 2898 ἐμφύονται
699 2848 787 2896 ξύλῳ
801 2853 891 2887 κατὰ
905 2855 1018 2895 σῆψιν
1032 2852 1219 2897 ὑγρότητος
1233 2851 1254 2894 ἢ
1268 2856 1396 2894 πέψιν.
1410 2871 1458 2878 -
1469 2846 1501 2891 “)
1511 2849 1767 2884 Lucret.v.941
1781 2864 1789 2883 z
1807 2854 2063 2891 „convenientes
2073 2851 2219 2883 motus“.
2233 2866 2279 2872 —-
2294 2849 2324 2890 ⁵)
2335 2850 2423 2881 Vide
2435 2860 2537 2890 supra
2582 2842 2586 2847 ⁹

361 2923 397 2959 p.
412 2913 434 2949 9
457 2914 533 2947 adn.
552 2911 602 2948 8.ι
618 2927 667 2937 -·
694 2908 728 2956 ⁶)
754 2922 784 2950 c.
801 2912 861 2956 22,
876 2911 936 2948 91.
961 2932 1007 2938 -
1033 2911 1064 2957 ⁷)
1080 2912 1250 2957 Exempla
1268 2910 1551 2957 philosophorum
1569 2914 1602 2944 ct
1624 2916 1799 2953 poetarum
1817 2923 1893 2945 cum
1911 2912 2121 2946 Lucretianis
2138 2911 2312 2953 composui
2333 2911 2368 2942 in
2384 2910 2535 2949 Quaestt.

360 2975 509 3007 Lucrett.
537 2984 571 3016 p.
599 2972 649 3007 68
676 2983 748 3017 sqq.
780 2988 829 2996 —
866 2967 899 3017 Β)
926 2974 1063 3007 Lucret.
1091 2975 1110 3007 I
1139 2973 1222 3007 116.
1277 2973 1331 3007 Cs.
1360 2972 1394 3005 V
1424 2970 1506 3006 790.
1560 2970 1647 3004 Vide
1674 2970 1880 3005 Vahlenium
1906 2972 1940 3005 in
1968 2971 2122 3013 Quaestt.
2149 2981 2233 3013 quus
2260 2969 2434 3012 praemisit
2460 2968 2536 3001 En-

359 3036 482 3066 nianae
515 3035 628 3075 poesis
662 3035 814 3076 reliquiis
849 3044 884 3076 p.
910 3034 1000 3065 XXI
1027 3043 1075 3075 sq.
1113 3049 1161 3056 —
1197 3027 1230 3074 9)
1264 3033 1399 3064 Luci-et.
1426 3031 1461 3063 V
1488 3026 1703 3063 318—324.
1758 3030 1813 3063 Cf.
1841 3031 1970 3063 Pucuv.
2002 3030 2125 3073 chrys.
2160 3029 2284 3072 fragm.
2310 3028 2375 3062 VI.
2402 3027 2474 3059 VII
2501 3028 2534 3059 in

360 3093 700 3134 Tragicor.Latin01-.
726 3094 893 3135 Reliquiis
920 3094 972 3124 ed.
999 3094 1165 3125 Ribbeck.
1193 3103 1228 3134 p.
1260 3091 1377 3124 71.—
1398 3091 1443 3131 ¹⁰)
1474 3091 1544 3123 Cic.
1572 3092 1651 3124 Nat.
1678 3093 1784 3124 Deor.
1811 3093 1829 3124 1
1861 3093 1906 3124 10
1935 3103 2005 3134 sqq.
2034 3094 2206 3132 Rationes,
2233 3100 2316 3132 quus
2343 3090 2440 3121 affert
2453 3090 2534 3121 Vela

360 3153 467 3194 leius,
500 3163 522 3185 a.
549 3152 712 3187 cicerone
745 3163 788 3186 ex
813 3153 964 3186 Phaedri
990 3153 1114 3194 egregii
1148 3152 1309 3194 Epicurei
1344 3151 1431 3184 libro
1468 3153 1551 3193 περὶ
1587 3154 1685 3184 θεῶν
1713 3154 1856 3184 haustae
1893 3158 1979 3184 sunt.
2033 3153 2112 3184 Vid.
2148 3151 2305 3184 Krische.
2341 3151 2393 3181 dic
2430 3149 2532 3181 theol.

361 3212 497 3245 Lehren
523 3213 555 3245 d.
583 3212 710 3255 griech.
737 3211 877 3246 Denker
903 3221 937 3256 p.
967 3210 1027 3245 28.
1065 3229 1111 3235 —
1152 3211 1198 3253 ¹¹)
1225 3211 1313 3244 Vide
1341 3221 1443 3254 supra
1469 3221 1501 3253 p.
1537 3210 1593 3244 13.
