2744 3711
1237 226 1517 271 ...36-

208 359 313 405 Gnn
337 368 419 417 qna
441 358 641 403 mma·
666 358 759 403 iilos
785 370 947 414 quoque
971 369 1118 402 versus
1146 370 1383 414 comparare
1417 359 1578 415 licebit,
1613 360 1759 416 quibus
1785 360 1999 420 Lnoeetius
2025 359 2228 404 hominnm
2256 361 2398 405 malam
2427 362 2537 405 vitae

211 433 468 491 epidimia
511 432 716 488 vit-pent
742 431 787 489 ¹)
833 438 1084 488 mortemque
1130 432 1227 476 dicit
1272 439 1440 489 statum,
1492 445 1572 490 quo
1618 433 1738 478 bomo
1784 438 1847 478 ex'
1895 432 2036 477 mediis
2079 434 2186 478 vitae
2241 434 2446 479 laboribus
2493 440 2537 479 et

212 508 378 552 incertis
414 506 602 556 fortunae
637 506 805 568 camus,
832 507 1012 551 sublatus
1044 516 1188 551 somno
1225 508 1482 563 consopiatur
1517 508 1762 562 sempiterno
1778 506 1839 563 ²).
1895 506 1979 550 Nec
2018 506 2277 551 dubitandum
2305 514 2393 561 est,
2437 509 2537 563 quin

210 586 346 637 poeta·
370 579 569 625 eiusnodi
601 578 790 636 querelas
829 580 882 624 ab
921 580 1003 623 imo
1039 586 1207 635 pectore
1249 579 1409 626 fuderit.
1465 581 1665 626 Dissensit
1706 594 1731 625 a
1772 582 1928 625 Graeco
1969 581 2164 638 magistro
2201 586 2280 625 tam
2323 581 2466 626 callide
2494 588 2538 627 et

207 654 314 700 laeto
348 654 392 699 in
426 655 512 698 otio
550 654 627 698 sibi
653 654 818 698 vivente
853 653 1074 709 discipulus
1109 654 1311 698 Romanus
1350 655 1505 699 seriora
1539 656 1608 699 ille
1645 657 1830 713 cogitans
1866 668 1942 699 nec
1982 657 2046 700 sui
2092 656 2224 700 solum
2262 656 2336 700 sed
2376 657 2534 712 patriae

198 730 328 774 etim
371 729 677 773 amantissimus.
742 729 877 773 Sensit
909 727 1125 772 Lucretius
1171 734 1318 772 tantam
1368 729 1474 772 illam
1520 730 1712 786 temporis
1757 730 2037 786 acerbitatem,
2088 737 2149 775 tot
2193 736 2236 773 et
2281 736 2416 774 tantas
2445 731 2535 775 ilias

207 804 305 847 belli
341 804 470 849 civilis
507 804 641 847 clades
677 816 725 846 ac
769 804 1038 854 calamitates;
1091 803 1211 845 aano
1249 804 1381 846 animo
1417 804 1636 859 providens
1671 816 1810 847 rerum
1846 806 2022 848 omnium
2068 805 2338 848 imminentem
2375 804 2531 847 ruinam

209 879 400 922 auxilium
427 885 470 921 et
496 878 736 933 praesidium
763 880 897 933 posuit
922 879 964 919 in
992 878 1218 932 praeceptis
1231 878 1417 933 Epicuri,
1447 880 1590 933 quibus
1618 878 1824 921 tradendis
1851 877 1998 920 civium
2027 890 2162 921 mores
2190 885 2404 933 corruptos
2433 890 2535 922 cor-

210 953 387 1008 rigeret,
423 952 578 994 animos
608 952 885 996 discordantes
911 952 1214 1005 reconciliaret,
1252 948 1494 1007 fflpublicae
1522 953 1745 1008 exagitatae
1773 964 1913 1006 pacem
1941 959 1982 995 et
2010 952 2264 995 concordiam
2292 960 2451 996 crearet
2471 954 2533 1010 ³).

208 1026 294 1068 flac
311 1037 385 1080 spe
400 1026 510 1068 inani
528 1026 714 1070 inductus
732 1038 825 1069 cum
841 1026 992 1068 frustra
1008 1025 1212 1068 laboraret
1228 1037 1304 1068 nec
1323 1026 1441 1068 animi
1459 1033 1610 1069 tantum
1624 1026 1736 1069 illum
1753 1026 1904 1069 luctum
1918 1027 2102 1082 mitigare
2119 1032 2269 1080 posset,
2287 1027 2382 1081 quid
2396 1028 2537 1070 obsta-

207 1099 289 1153 bat,
317 1099 530 1153 quominus
557 1100 751 1155 magistro
767 1099 953 1144 suadenti
979 1100 1273 1153 obtemperaret
1299 1106 1341 1143 et
1368 1113 1487 1142 manu
1514 1100 1592 1143 sibi
1618 1100 1740 1143 vitam
1767 1088 2039 1142 exhauriret?
2071 1100 2185 1142 Hunc
2212 1100 2367 1142 tristem
2394 1107 2536 1154 poetae

208 1172 361 1216 exitum
389 1178 433 1216 ut
462 1172 680 1227 suspiceris
708 1172 879 1217 suadent
906 1173 994 1227 ipsa
1030 1170 1119 1216 eius
1147 1173 1318 1229 scripta3
1351 1173 1617 1227 suspicionem
1646 1173 1853 1216 confirmat
1881 1173 2151 1217 testimonium
2180 1173 2425 1229 Hieronymi,
2455 1175 2533 1216 nisi
2555 1188 2557 1190 ¹

208 1245 316 1301 quod
352 1245 418 1289 bic
446 1244 563 1289 aliam
600 1246 743 1290 mortis
781 1258 963 1291 caussam
1001 1244 1202 1303 tradit‘O:
1259 1245 1400 1300 „Titus
1429 1246 1640 1290 Lucretius
1676 1252 1792 1301 poeta
1827 1247 2025 1300 nascitur,
2060 1247 2128 1301 qui
2172 1254 2310 1301 postea
2338 1248 2528 1291 amatorio

207 1318 353 1374 poculo
381 1319 424 1362 in
451 1318 631 1362 furorem
659 1332 826 1375 versus,
863 1333 956 1363 cum
993 1320 1140 1376 aliquot
1167 1319 1294 1363 libros
1322 1332 1396 1375 per
1432 1320 1642 1363 intervalla
1676 1320 1854 1362 insaniae
1892 1319 2220 1375 conscripsisset,
2264 1332 2366 1375 quos
2393 1327 2531 1375 postea

209 1393 350 1437 Cicero
379 1394 621 1449 emendavit,
649 1395 813 1450 propria
842 1408 889 1439 se
915 1408 1035 1439 manu
1062 1393 1262 1439 interfecit
1291 1407 1394 1437 anno
1424 1396 1562 1438 aetatis
1590 1393 1757 1437 XLW.“

366 1560 395 1602 1)
430 1561 489 1594 111
516 1560 706 1595 929—76.
736 1557 834 1596 1074
862 1572 911 1605 sq.
967 1561 1022 1595 es.
1049 1562 1166 1604 Eurip.
1194 1561 1315 1604 Suppl.
1348 1556 1559 1595 1108-14.
1595 1578 1643 1586 -
1679 1558 1710 1602 2)
1736 1561 1794 1593 111
1821 1559 2008 1594 902—10.
2038 1559 2123 1594 937.
2155 1559 2251 1594 1083
2279 1571 2329 1602 sq.
2367 1578 2415 1584 -
2453 1560 2484 1605 ³)
2511 1564 2530 1595 1

362 1615 729 1656 29-44.119—62.
763 1616 976 1656 v45—55.
1009 1616 1218 1655 1115—34.
1251 1616 1463 1656 1421-34.
1493 1639 1535 1645 —
1565 1616 1598 1664 ιι)
1627 1620 1907 1656 0f.Laehmann.
1935 1625 2109 1655 comment.
2136 1620 2171 1654 in
2197 1620 2330 1655 Lucret.
2356 1620 2374 1654 1
2396 1632 2426 1655 v.
2443 1621 2530 1657 922.

1202 2315 1529 2320 Ι
