<?xml version="1.0" encoding="UTF-8"?>
<!DOCTYPE html PUBLIC "-//W3C//DTD XHTML 1.0 Transitional//EN"
    "http://www.w3.org/TR/xhtml1/DTD/xhtml1-transitional.dtd">
<html xmlns="http://www.w3.org/1999/xhtml" xml:lang="en" lang="en">
 <head>
  <title>
</title>
<meta http-equiv="Content-Type" content="text/html;charset=utf-8" />
  <meta name='ocr-system' content='tesseract 3.04.00' />
  <meta name='ocr-capabilities' content='ocr_page ocr_carea ocr_par ocr_line ocrx_word'/>
</head>
<body>
  <div class='ocr_page' id='page_1' title='image "4770472_0028.png"; bbox 0 0 2744 3711; ppageno 0'>
   <div class='ocr_carea' id='block_1_1' title="bbox 1218 219 1503 260">
    <p class='ocr_par' dir='ltr' id='par_1_1' title="bbox 1218 219 1503 260">
     <span class='ocr_line' id='line_1_1' title="bbox 1218 219 1503 260; baseline -0.004 -10"><span class='ocrx_word' id='word_1_1' title='bbox 1218 219 1503 260; x_wconf 58' lang='lat'><strong>‚22-</strong></span> 
     </span>
    </p>
   </div>
   <div class='ocr_carea' id='block_1_2' title="bbox 188 349 2518 858">
    <p class='ocr_par' dir='ltr' id='par_1_2' title="bbox 709 349 1806 404">
     <span class='ocr_line' id='line_1_2' title="bbox 709 349 1806 404; baseline -0.002 -12"><span class='ocrx_word' id='word_1_2' title='bbox 709 351 767 404; x_wconf 83' lang='lat' dir='ltr'><strong>[id</strong></span> <span class='ocrx_word' id='word_1_3' title='bbox 796 362 958 404; x_wconf 88' lang='lat' dir='ltr'><strong>quoque</strong></span> <span class='ocrx_word' id='word_1_4' title='bbox 985 350 1093 392; x_wconf 83' lang='lat' dir='ltr'><strong>enim</strong></span> <span class='ocrx_word' id='word_1_5' title='bbox 1119 351 1209 392; x_wconf 80' lang='lat' dir='ltr'><strong>sine</strong></span> <span class='ocrx_word' id='word_1_6' title='bbox 1237 351 1418 403; x_wconf 80' lang='lat' dir='ltr'><strong>pernicie</strong></span> <span class='ocrx_word' id='word_1_7' title='bbox 1445 361 1528 392; x_wconf 83' lang='lat' dir='ltr'><strong>non</strong></span> <span class='ocrx_word' id='word_1_8' title='bbox 1554 349 1624 392; x_wconf 69' lang='lat' dir='ltr'><strong>fiet</strong></span> <span class='ocrx_word' id='word_1_9' title='bbox 1651 350 1806 400; x_wconf 86' lang='lat' dir='ltr'><strong>eorum]</strong></span> 
     </span>
    </p>

    <p class='ocr_par' dir='ltr' id='par_1_3' title="bbox 707 423 1784 477">
     <span class='ocr_line' id='line_1_3' title="bbox 707 423 1784 477; baseline -0.001 -12"><span class='ocrx_word' id='word_1_10' title='bbox 707 430 748 466; x_wconf 80' lang='lat' dir='ltr'><strong>at</strong></span> <span class='ocrx_word' id='word_1_11' title='bbox 775 424 810 465; x_wconf 84' lang='lat' dir='ltr'><strong>si</strong></span> <span class='ocrx_word' id='word_1_12' title='bbox 837 423 988 466; x_wconf 72' lang='lat' dir='ltr'><strong>tantula</strong></span> <span class='ocrx_word' id='word_1_13' title='bbox 1016 436 1109 477; x_wconf 76' lang='lat' dir='ltr'><strong>pars</strong></span> <span class='ocrx_word' id='word_1_14' title='bbox 1136 425 1246 466; x_wconf 88' lang='lat' dir='ltr'><strong>oculi</strong></span> <span class='ocrx_word' id='word_1_15' title='bbox 1275 425 1404 466; x_wconf 78' lang='lat' dir='ltr'><strong>media</strong></span> <span class='ocrx_word' id='word_1_16' title='bbox 1432 425 1498 465; x_wconf 74' lang='lat' dir='ltr'><strong>illa</strong></span> <span class='ocrx_word' id='word_1_17' title='bbox 1525 436 1669 477; x_wconf 74' lang='lat' dir='ltr'><strong>peresa</strong></span> <span class='ocrx_word' id='word_1_18' title='bbox 1697 429 1784 475; x_wconf 88' lang='lat' dir='ltr'><strong>est,</strong></span> 
     </span>
    </p>

    <p class='ocr_par' dir='ltr' id='par_1_4' title="bbox 706 496 1776 551">
     <span class='ocr_line' id='line_1_4' title="bbox 706 496 1776 551; baseline 0 -13"><span class='ocrx_word' id='word_1_19' title='bbox 706 496 853 539; x_wconf 82' lang='lat' dir='ltr'><strong>occidit</strong></span> <span class='ocrx_word' id='word_1_20' title='bbox 880 497 1082 550; x_wconf 78' lang='lat' dir='ltr'><strong>extemplo</strong></span> <span class='ocrx_word' id='word_1_21' title='bbox 1111 497 1246 539; x_wconf 85' lang='lat' dir='ltr'><strong>lumen</strong></span> <span class='ocrx_word' id='word_1_22' title='bbox 1274 498 1544 551; x_wconf 68' lang='lat' dir='ltr'><strong>tenebraeque</strong></span> <span class='ocrx_word' id='word_1_23' title='bbox 1570 503 1776 540; x_wconf 80' lang='lat' dir='ltr'><strong>secuntur.</strong></span> 
     </span>
    </p>

    <p class='ocr_par' dir='ltr' id='par_1_5' title="bbox 709 570 1734 626">
     <span class='ocr_line' id='line_1_5' title="bbox 709 570 1734 626; baseline 0 -12"><span class='ocrx_word' id='word_1_24' title='bbox 709 570 935 625; x_wconf 84' lang='lat' dir='ltr'><strong>[incolumis</strong></span> <span class='ocrx_word' id='word_1_25' title='bbox 964 572 1146 625; x_wconf 81' lang='lat' dir='ltr'><strong>quamvis</strong></span> <span class='ocrx_word' id='word_1_26' title='bbox 1175 572 1323 626; x_wconf 80' lang='lat' dir='ltr'><strong>alioqui</strong></span> <span class='ocrx_word' id='word_1_27' title='bbox 1350 572 1581 626; x_wconf 82' lang='lat' dir='ltr'><strong>splendidus</strong></span> <span class='ocrx_word' id='word_1_28' title='bbox 1607 573 1734 624; x_wconf 80' lang='lat' dir='ltr'><strong>orbis]</strong></span> 
     </span>
    </p>

    <p class='ocr_par' dir='ltr' id='par_1_6' title="bbox 188 645 2518 858">
     <span class='ocr_line' id='line_1_6' title="bbox 704 645 2015 708; baseline -0.002 -21"><span class='ocrx_word' id='word_1_29' title='bbox 704 645 783 687; x_wconf 81' lang='lat' dir='ltr'><strong>boc</strong></span> <span class='ocrx_word' id='word_1_30' title='bbox 812 646 942 688; x_wconf 83' lang='lat' dir='ltr'><strong>anima</strong></span> <span class='ocrx_word' id='word_1_31' title='bbox 973 652 1092 699; x_wconf 86' lang='lat' dir='ltr'><strong>atque</strong></span> <span class='ocrx_word' id='word_1_32' title='bbox 1119 647 1274 708; x_wconf 82' lang='lat' dir='ltr'><strong>animus</strong></span> <span class='ocrx_word' id='word_1_33' title='bbox 1304 647 1428 688; x_wconf 83' lang='lat' dir='ltr'><strong>vincti</strong></span> <span class='ocrx_word' id='word_1_34' title='bbox 1456 651 1550 688; x_wconf 80' lang='lat' dir='ltr'><strong>sunt</strong></span> <span class='ocrx_word' id='word_1_35' title='bbox 1577 646 1743 688; x_wconf 76' lang='lat' dir='ltr'><strong>foedere</strong></span> <span class='ocrx_word' id='word_1_36' title='bbox 1772 656 1944 697; x_wconf 85' lang='lat' dir='ltr'><strong>semper.</strong></span> <span class='ocrx_word' id='word_1_37' title='bbox 2012 652 2015 655; x_wconf 74' lang='grc'>’</span> 
     </span>
     <span class='ocr_line' id='line_1_7' title="bbox 188 726 2518 784; baseline -0.001 -12"><span class='ocrx_word' id='word_1_38' title='bbox 188 729 365 772; x_wconf 79' lang='lat' dir='ltr'><strong>Similem</strong></span> <span class='ocrx_word' id='word_1_39' title='bbox 394 730 548 771; x_wconf 90' lang='lat' dir='ltr'><strong>animae</strong></span> <span class='ocrx_word' id='word_1_40' title='bbox 578 741 669 771; x_wconf 92' lang='lat' dir='ltr'><strong>cum</strong></span> <span class='ocrx_word' id='word_1_41' title='bbox 698 729 810 772; x_wconf 84' lang='lat' dir='ltr'><strong>visus</strong></span> <span class='ocrx_word' id='word_1_42' title='bbox 849 732 935 773; x_wconf 90' lang='lat' dir='ltr'><strong>acie</strong></span> <span class='ocrx_word' id='word_1_43' title='bbox 964 731 1299 784; x_wconf 87' lang='lat' dir='ltr'><strong>comparationem</strong></span> <span class='ocrx_word' id='word_1_44' title='bbox 1329 743 1450 783; x_wconf 84' lang='lat' dir='ltr'><strong>supra</strong></span> <span class='ocrx_word' id='word_1_45' title='bbox 1487 731 1706 772; x_wconf 80' lang='lat' dir='ltr'><strong>memoravi</strong></span> <span class='ocrx_word' id='word_1_46' title='bbox 1743 730 1958 772; x_wconf 87' lang='lat' dir='ltr'><strong>institutam</strong></span> <span class='ocrx_word' id='word_1_47' title='bbox 1989 729 2037 770; x_wconf 87' lang='lat' dir='ltr'><strong>ab</strong></span> <span class='ocrx_word' id='word_1_48' title='bbox 2067 728 2285 771; x_wconf 78' lang='lat' dir='ltr'><strong>Aristotele</strong></span> <span class='ocrx_word' id='word_1_49' title='bbox 2316 728 2372 783; x_wconf 66' lang='grc' dir='ltr'><strong>ί).</strong></span> <span class='ocrx_word' id='word_1_50' title='bbox 2431 726 2518 769; x_wconf 90' lang='lat' dir='ltr'><strong>Lu—</strong></span> 
     </span>
     <span class='ocr_line' id='line_1_8' title="bbox 189 802 1688 858; baseline 0 -14"><span class='ocrx_word' id='word_1_51' title='bbox 189 804 340 846; x_wconf 83' lang='lat' dir='ltr'><strong>cretius</strong></span> <span class='ocrx_word' id='word_1_52' title='bbox 371 815 470 845; x_wconf 88' lang='lat' dir='ltr'><strong>vero</strong></span> <span class='ocrx_word' id='word_1_53' title='bbox 500 803 725 857; x_wconf 82' lang='lat' dir='ltr'><strong>exemplum</strong></span> <span class='ocrx_word' id='word_1_54' title='bbox 754 804 959 847; x_wconf 85' lang='lat' dir='ltr'><strong>invenisse</strong></span> <span class='ocrx_word' id='word_1_55' title='bbox 986 805 1148 847; x_wconf 84' lang='lat' dir='ltr'><strong>videtur</strong></span> <span class='ocrx_word' id='word_1_56' title='bbox 1177 805 1218 845; x_wconf 91' lang='lat' dir='ltr'><strong>in</strong></span> <span class='ocrx_word' id='word_1_57' title='bbox 1251 803 1411 857; x_wconf 89' lang='lat' dir='ltr'><strong>scriptis</strong></span> <span class='ocrx_word' id='word_1_58' title='bbox 1440 803 1607 857; x_wconf 90' lang='lat' dir='ltr'><strong>Epicuri</strong></span> <span class='ocrx_word' id='word_1_59' title='bbox 1628 802 1688 858; x_wconf 82' lang='lat'><strong>2).</strong></span> 
     </span>
    </p>
   </div>
   <div class='ocr_carea' id='block_1_3' title="bbox 186 882 2560 1676">
    <p class='ocr_par' dir='ltr' id='par_1_7' title="bbox 186 882 2560 1676">
     <span class='ocr_line' id='line_1_9' title="bbox 360 882 2515 939; baseline -0.001 -12"><span class='ocrx_word' id='word_1_60' title='bbox 360 884 448 927; x_wconf 87' lang='lat' dir='ltr'><strong>Jam</strong></span> <span class='ocrx_word' id='word_1_61' title='bbox 479 889 523 926; x_wconf 89' lang='lat' dir='ltr'><strong>ut</strong></span> <span class='ocrx_word' id='word_1_62' title='bbox 561 896 632 937; x_wconf 87' lang='lat' dir='ltr'><strong>ea,</strong></span> <span class='ocrx_word' id='word_1_63' title='bbox 669 897 773 938; x_wconf 92' lang='lat' dir='ltr'><strong>quae</strong></span> <span class='ocrx_word' id='word_1_64' title='bbox 802 897 824 926; x_wconf 86' lang='lat' dir='ltr'><strong>a</strong></span> <span class='ocrx_word' id='word_1_65' title='bbox 851 884 1041 927; x_wconf 89' lang='lat' dir='ltr'><strong>Lucretio</strong></span> <span class='ocrx_word' id='word_1_66' title='bbox 1071 885 1121 927; x_wconf 93' lang='lat' dir='ltr'><strong>de</strong></span> <span class='ocrx_word' id='word_1_67' title='bbox 1161 892 1293 927; x_wconf 90' lang='lat' dir='ltr'><strong>mente</strong></span> <span class='ocrx_word' id='word_1_68' title='bbox 1331 892 1424 928; x_wconf 92' lang='lat' dir='ltr'><strong>sunt</strong></span> <span class='ocrx_word' id='word_1_69' title='bbox 1453 885 1672 939; x_wconf 87' lang='lat' dir='ltr'><strong>disputata,</strong></span> <span class='ocrx_word' id='word_1_70' title='bbox 1713 898 1931 939; x_wconf 87' lang='lat' dir='ltr'><strong>proponam</strong></span> <span class='ocrx_word' id='word_1_71' title='bbox 1960 884 2094 938; x_wconf 81' lang='lat' dir='ltr'><strong>paucis</strong></span> <span class='ocrx_word' id='word_1_72' title='bbox 2124 882 2315 935; x_wconf 90' lang='lat' dir='ltr'><strong>collecta,</strong></span> <span class='ocrx_word' id='word_1_73' title='bbox 2352 889 2515 937; x_wconf 89' lang='lat' dir='ltr'><strong>apparet</strong></span> 
     </span>
     <span class='ocr_line' id='line_1_10' title="bbox 186 957 2515 1014; baseline -0.001 -15"><span class='ocrx_word' id='word_1_74' title='bbox 186 963 359 1000; x_wconf 89' lang='lat' dir='ltr'><strong>mentem</strong></span> <span class='ocrx_word' id='word_1_75' title='bbox 389 971 479 999; x_wconf 90' lang='lat' dir='ltr'><strong>cum</strong></span> <span class='ocrx_word' id='word_1_76' title='bbox 516 959 646 999; x_wconf 90' lang='lat' dir='ltr'><strong>anima</strong></span> <span class='ocrx_word' id='word_1_77' title='bbox 675 959 927 999; x_wconf 77' lang='lat' dir='ltr'><strong>commixtam</strong></span> <span class='ocrx_word' id='word_1_78' title='bbox 966 959 1073 1000; x_wconf 90' lang='lat' dir='ltr'><strong>omni</strong></span> <span class='ocrx_word' id='word_1_79' title='bbox 1115 970 1287 1013; x_wconf 88' lang='lat' dir='ltr'><strong>corpore</strong></span> <span class='ocrx_word' id='word_1_80' title='bbox 1317 959 1512 1002; x_wconf 82' lang='lat' dir='ltr'><strong>contineri</strong></span> <span class='ocrx_word' id='word_1_81' title='bbox 1541 965 1581 1002; x_wconf 89' lang='lat' dir='ltr'><strong>et</strong></span> <span class='ocrx_word' id='word_1_82' title='bbox 1609 971 1659 1001; x_wconf 91' lang='lat' dir='ltr'><strong>eo</strong></span> <span class='ocrx_word' id='word_1_83' title='bbox 1688 960 1848 1013; x_wconf 90' lang='lat' dir='ltr'><strong>quidem</strong></span> <span class='ocrx_word' id='word_1_84' title='bbox 1876 965 1991 1014; x_wconf 89' lang='lat' dir='ltr'><strong>pacto</strong></span> <span class='ocrx_word' id='word_1_85' title='bbox 2020 958 2077 1000; x_wconf 91' lang='lat' dir='ltr'><strong>illi</strong></span> <span class='ocrx_word' id='word_1_86' title='bbox 2112 957 2285 999; x_wconf 90' lang='lat' dir='ltr'><strong>iunctam</strong></span> <span class='ocrx_word' id='word_1_87' title='bbox 2314 968 2427 1009; x_wconf 89' lang='lat' dir='ltr'><strong>esse,</strong></span> <span class='ocrx_word' id='word_1_88' title='bbox 2468 962 2515 997; x_wconf 89' lang='lat' dir='ltr'><strong>ut</strong></span> 
     </span>
     <span class='ocr_line' id='line_1_11' title="bbox 187 1032 2513 1086; baseline -0.001 -13"><span class='ocrx_word' id='word_1_89' title='bbox 187 1032 264 1074; x_wconf 88' lang='lat' dir='ltr'><strong>nisi</strong></span> <span class='ocrx_word' id='word_1_90' title='bbox 293 1045 385 1074; x_wconf 90' lang='lat' dir='ltr'><strong>cum</strong></span> <span class='ocrx_word' id='word_1_91' title='bbox 415 1033 538 1074; x_wconf 88' lang='lat' dir='ltr'><strong>totius</strong></span> <span class='ocrx_word' id='word_1_92' title='bbox 567 1040 733 1075; x_wconf 88' lang='lat' dir='ltr'><strong>naturae</strong></span> <span class='ocrx_word' id='word_1_93' title='bbox 761 1034 925 1075; x_wconf 90' lang='lat' dir='ltr'><strong>interitu</strong></span> <span class='ocrx_word' id='word_1_94' title='bbox 957 1033 1090 1074; x_wconf 90' lang='lat' dir='ltr'><strong>divelli</strong></span> <span class='ocrx_word' id='word_1_95' title='bbox 1120 1046 1200 1074; x_wconf 92' lang='lat' dir='ltr'><strong>non</strong></span> <span class='ocrx_word' id='word_1_96' title='bbox 1230 1035 1378 1086; x_wconf 83' lang='lat' dir='ltr'><strong>possit3</strong></span> <span class='ocrx_word' id='word_1_97' title='bbox 1416 1040 1454 1074; x_wconf 90' lang='lat' dir='ltr'><strong>at</strong></span> <span class='ocrx_word' id='word_1_98' title='bbox 1484 1033 1674 1085; x_wconf 87' lang='lat' dir='ltr'><strong>eandem,</strong></span> <span class='ocrx_word' id='word_1_99' title='bbox 1713 1035 1780 1075; x_wconf 91' lang='lat' dir='ltr'><strong>ubi</strong></span> <span class='ocrx_word' id='word_1_100' title='bbox 1810 1047 1857 1075; x_wconf 88' lang='lat' dir='ltr'><strong>re</strong></span> <span class='ocrx_word' id='word_1_101' title='bbox 1886 1040 2054 1075; x_wconf 86' lang='lat' dir='ltr'><strong>externa</strong></span> <span class='ocrx_word' id='word_1_102' title='bbox 2083 1033 2194 1085; x_wconf 90' lang='lat' dir='ltr'><strong>pulsa</strong></span> <span class='ocrx_word' id='word_1_103' title='bbox 2225 1033 2298 1083; x_wconf 89' lang='lat' dir='ltr'><strong>sit,</strong></span> <span class='ocrx_word' id='word_1_104' title='bbox 2336 1033 2377 1072; x_wconf 92' lang='lat' dir='ltr'><strong>in</strong></span> <span class='ocrx_word' id='word_1_105' title='bbox 2415 1042 2513 1072; x_wconf 90' lang='lat' dir='ltr'><strong>cor-</strong></span> 
     </span>
     <span class='ocr_line' id='line_1_12' title="bbox 186 1105 2513 1161; baseline 0 -15"><span class='ocrx_word' id='word_1_106' title='bbox 186 1118 288 1158; x_wconf 89' lang='lat' dir='ltr'><strong>pore</strong></span> <span class='ocrx_word' id='word_1_107' title='bbox 315 1105 403 1147; x_wconf 87' lang='lat' dir='ltr'><strong>fieri</strong></span> <span class='ocrx_word' id='word_1_108' title='bbox 432 1118 614 1147; x_wconf 80' lang='lat' dir='ltr'><strong>caussam</strong></span> <span class='ocrx_word' id='word_1_109' title='bbox 642 1107 840 1148; x_wconf 89' lang='lat' dir='ltr'><strong>sentiendi</strong></span> <span class='ocrx_word' id='word_1_110' title='bbox 850 1120 861 1156; x_wconf 92' lang='lat'>;</span> <span class='ocrx_word' id='word_1_111' title='bbox 900 1118 1022 1159; x_wconf 87' lang='lat' dir='ltr'><strong>porro</strong></span> <span class='ocrx_word' id='word_1_112' title='bbox 1053 1106 1218 1147; x_wconf 90' lang='lat' dir='ltr'><strong>eandem</strong></span> <span class='ocrx_word' id='word_1_113' title='bbox 1249 1107 1327 1147; x_wconf 90' lang='lat' dir='ltr'><strong>vim</strong></span> <span class='ocrx_word' id='word_1_114' title='bbox 1356 1118 1447 1148; x_wconf 89' lang='lat' dir='ltr'><strong>esse</strong></span> <span class='ocrx_word' id='word_1_115' title='bbox 1483 1111 1610 1149; x_wconf 89' lang='lat' dir='ltr'><strong>totum</strong></span> <span class='ocrx_word' id='word_1_116' title='bbox 1640 1119 1787 1161; x_wconf 88' lang='lat' dir='ltr'><strong>corpus</strong></span> <span class='ocrx_word' id='word_1_117' title='bbox 1817 1107 2106 1149; x_wconf 79' lang='lat' dir='ltr'><strong>custodientem</strong></span> <span class='ocrx_word' id='word_1_118' title='bbox 2135 1107 2319 1159; x_wconf 88' lang='lat' dir='ltr'><strong>vitaeque</strong></span> <span class='ocrx_word' id='word_1_119' title='bbox 2347 1105 2513 1147; x_wconf 89' lang='lat' dir='ltr'><strong>salutem</strong></span> 
     </span>
     <span class='ocr_line' id='line_1_13' title="bbox 190 1179 2514 1234; baseline -0 -15"><span class='ocrx_word' id='word_1_120' title='bbox 190 1180 363 1219; x_wconf 83' lang='lat' dir='ltr'><strong>maxime</strong></span> <span class='ocrx_word' id='word_1_121' title='bbox 399 1186 702 1221; x_wconf 81' lang='lat' dir='ltr'><strong>sustentantem.</strong></span> <span class='ocrx_word' id='word_1_122' title='bbox 762 1180 847 1220; x_wconf 86' lang='lat' dir='ltr'><strong>Nec</strong></span> <span class='ocrx_word' id='word_1_123' title='bbox 884 1180 1097 1220; x_wconf 90' lang='lat' dir='ltr'><strong>Lucretius</strong></span> <span class='ocrx_word' id='word_1_124' title='bbox 1144 1181 1286 1221; x_wconf 89' lang='lat' dir='ltr'><strong>mentis</strong></span> <span class='ocrx_word' id='word_1_125' title='bbox 1333 1186 1512 1220; x_wconf 86' lang='lat' dir='ltr'><strong>naturam</strong></span> <span class='ocrx_word' id='word_1_126' title='bbox 1552 1193 1574 1220; x_wconf 93' lang='lat' dir='ltr'><strong>a</strong></span> <span class='ocrx_word' id='word_1_127' title='bbox 1613 1191 1786 1234; x_wconf 88' lang='lat' dir='ltr'><strong>corpore</strong></span> <span class='ocrx_word' id='word_1_128' title='bbox 1825 1181 1932 1221; x_wconf 92' lang='lat' dir='ltr'><strong>omni</strong></span> <span class='ocrx_word' id='word_1_129' title='bbox 1978 1180 2097 1221; x_wconf 90' lang='lat' dir='ltr'><strong>modo</strong></span> <span class='ocrx_word' id='word_1_130' title='bbox 2136 1179 2228 1221; x_wconf 82' lang='lat' dir='ltr'><strong>facit</strong></span> <span class='ocrx_word' id='word_1_131' title='bbox 2265 1189 2514 1232; x_wconf 85' lang='lat' dir='ltr'><strong>suspensam,</strong></span> 
     </span>
     <span class='ocr_line' id='line_1_14' title="bbox 192 1252 2514 1306; baseline -0.001 -13"><span class='ocrx_word' id='word_1_132' title='bbox 192 1254 304 1305; x_wconf 88' lang='lat' dir='ltr'><strong>quasi</strong></span> <span class='ocrx_word' id='word_1_133' title='bbox 343 1254 505 1295; x_wconf 93' lang='lat' dir='ltr'><strong>omnino</strong></span> <span class='ocrx_word' id='word_1_134' title='bbox 543 1265 623 1293; x_wconf 94' lang='lat' dir='ltr'><strong>non</strong></span> <span class='ocrx_word' id='word_1_135' title='bbox 663 1254 789 1305; x_wconf 88' lang='lat' dir='ltr'><strong>possit</strong></span> <span class='ocrx_word' id='word_1_136' title='bbox 826 1254 1017 1294; x_wconf 86' lang='lat' dir='ltr'><strong>societate</strong></span> <span class='ocrx_word' id='word_1_137' title='bbox 1054 1253 1160 1293; x_wconf 91' lang='lat' dir='ltr'><strong>illius</strong></span> <span class='ocrx_word' id='word_1_138' title='bbox 1198 1265 1352 1295; x_wconf 81' lang='lat' dir='ltr'><strong>carere,</strong></span> <span class='ocrx_word' id='word_1_139' title='bbox 1410 1253 1540 1306; x_wconf 84' lang='lat' dir='ltr'><strong>Negat</strong></span> <span class='ocrx_word' id='word_1_140' title='bbox 1566 1254 1670 1293; x_wconf 89' lang='lat' dir='ltr'><strong>illam</strong></span> <span class='ocrx_word' id='word_1_141' title='bbox 1698 1254 1908 1305; x_wconf 90' lang='lat' dir='ltr'><strong>quicquam</strong></span> <span class='ocrx_word' id='word_1_142' title='bbox 1937 1254 2088 1294; x_wconf 88' lang='lat' dir='ltr'><strong>sentire</strong></span> <span class='ocrx_word' id='word_1_143' title='bbox 2117 1258 2184 1293; x_wconf 89' lang='lat' dir='ltr'><strong>aut</strong></span> <span class='ocrx_word' id='word_1_144' title='bbox 2212 1252 2363 1304; x_wconf 84' lang='lat' dir='ltr'><strong>degere</strong></span> <span class='ocrx_word' id='word_1_145' title='bbox 2394 1262 2514 1303; x_wconf 87' lang='lat' dir='ltr'><strong>posse</strong></span> 
     </span>
     <span class='ocr_line' id='line_1_15' title="bbox 188 1325 2516 1380; baseline -0.002 -12"><span class='ocrx_word' id='word_1_146' title='bbox 188 1336 213 1368; x_wconf 77' lang='lat' dir='ltr'><strong>a</strong></span> <span class='ocrx_word' id='word_1_147' title='bbox 251 1337 426 1380; x_wconf 85' lang='lat' dir='ltr'><strong>corpore</strong></span> <span class='ocrx_word' id='word_1_148' title='bbox 464 1326 716 1378; x_wconf 80' lang='lat' dir='ltr'><strong>disiunctum,</strong></span> <span class='ocrx_word' id='word_1_149' title='bbox 753 1333 792 1369; x_wconf 89' lang='lat' dir='ltr'><strong>at</strong></span> <span class='ocrx_word' id='word_1_150' title='bbox 830 1326 1081 1369; x_wconf 87' lang='lat' dir='ltr'><strong>coniunctam</strong></span> <span class='ocrx_word' id='word_1_151' title='bbox 1119 1325 1225 1367; x_wconf 88' lang='lat' dir='ltr'><strong>illam</strong></span> <span class='ocrx_word' id='word_1_152' title='bbox 1264 1339 1353 1367; x_wconf 94' lang='lat' dir='ltr'><strong>cum</strong></span> <span class='ocrx_word' id='word_1_153' title='bbox 1393 1339 1564 1380; x_wconf 89' lang='lat' dir='ltr'><strong>corpore</strong></span> <span class='ocrx_word' id='word_1_154' title='bbox 1603 1327 1688 1367; x_wconf 89' lang='lat' dir='ltr'><strong>vult</strong></span> <span class='ocrx_word' id='word_1_155' title='bbox 1724 1327 1786 1367; x_wconf 91' lang='lat' dir='ltr'><strong>sui</strong></span> <span class='ocrx_word' id='word_1_156' title='bbox 1825 1339 1916 1367; x_wconf 90' lang='lat' dir='ltr'><strong>esse</strong></span> <span class='ocrx_word' id='word_1_157' title='bbox 1954 1331 2172 1378; x_wconf 87' lang='lat' dir='ltr'><strong>potentem,</strong></span> <span class='ocrx_word' id='word_1_158' title='bbox 2212 1332 2256 1365; x_wconf 85' lang='lat' dir='ltr'><strong>ut</strong></span> <span class='ocrx_word' id='word_1_159' title='bbox 2294 1337 2367 1365; x_wconf 91' lang='lat' dir='ltr'><strong>sua</strong></span> <span class='ocrx_word' id='word_1_160' title='bbox 2404 1325 2516 1376; x_wconf 87' lang='lat' dir='ltr'><strong>quasi</strong></span> 
     </span>
     <span class='ocr_line' id='line_1_16' title="bbox 190 1397 2560 1455; baseline -0.001 -15"><span class='ocrx_word' id='word_1_161' title='bbox 190 1399 231 1441; x_wconf 90' lang='lat' dir='ltr'><strong>vi</strong></span> <span class='ocrx_word' id='word_1_162' title='bbox 270 1399 446 1442; x_wconf 89' lang='lat' dir='ltr'><strong>innitens</strong></span> <span class='ocrx_word' id='word_1_163' title='bbox 493 1399 578 1443; x_wconf 85' lang='lat' dir='ltr'><strong>sola</strong></span> <span class='ocrx_word' id='word_1_164' title='bbox 615 1399 693 1442; x_wconf 88' lang='lat' dir='ltr'><strong>sibi</strong></span> <span class='ocrx_word' id='word_1_165' title='bbox 731 1400 856 1454; x_wconf 87' lang='lat' dir='ltr'><strong>sapiat</strong></span> <span class='ocrx_word' id='word_1_166' title='bbox 904 1400 1060 1455; x_wconf 88' lang='lat' dir='ltr'><strong>sibique</strong></span> <span class='ocrx_word' id='word_1_167' title='bbox 1107 1401 1299 1455; x_wconf 84' lang='lat' dir='ltr'><strong>gaudeat,</strong></span> <span class='ocrx_word' id='word_1_168' title='bbox 1349 1413 1439 1442; x_wconf 92' lang='lat' dir='ltr'><strong>cum</strong></span> <span class='ocrx_word' id='word_1_169' title='bbox 1487 1412 1560 1442; x_wconf 88' lang='lat' dir='ltr'><strong>nec</strong></span> <span class='ocrx_word' id='word_1_170' title='bbox 1608 1401 1736 1441; x_wconf 87' lang='lat' dir='ltr'><strong>anima</strong></span> <span class='ocrx_word' id='word_1_171' title='bbox 1775 1413 1850 1442; x_wconf 92' lang='lat' dir='ltr'><strong>nec</strong></span> <span class='ocrx_word' id='word_1_172' title='bbox 1889 1413 2036 1452; x_wconf 89' lang='lat' dir='ltr'><strong>corpus</strong></span> <span class='ocrx_word' id='word_1_173' title='bbox 2083 1413 2129 1440; x_wconf 91' lang='lat' dir='ltr'><strong>re</strong></span> <span class='ocrx_word' id='word_1_174' title='bbox 2177 1405 2385 1440; x_wconf 87' lang='lat' dir='ltr'><strong>moveatur</strong></span> <span class='ocrx_word' id='word_1_175' title='bbox 2422 1397 2513 1439; x_wconf 88' lang='lat' dir='ltr'><strong>ulla.</strong></span> <span class='ocrx_word' id='word_1_176' title='bbox 2556 1409 2560 1421; x_wconf 87' lang='lat'>·</span> 
     </span>
     <span class='ocr_line' id='line_1_17' title="bbox 188 1473 2516 1529; baseline -0.001 -14"><span class='ocrx_word' id='word_1_177' title='bbox 188 1473 370 1527; x_wconf 88' lang='lat' dir='ltr'><strong>Denique</strong></span> <span class='ocrx_word' id='word_1_178' title='bbox 409 1474 615 1517; x_wconf 86' lang='lat' dir='ltr'><strong>constituit</strong></span> <span class='ocrx_word' id='word_1_179' title='bbox 653 1487 741 1516; x_wconf 92' lang='lat' dir='ltr'><strong>eam</strong></span> <span class='ocrx_word' id='word_1_180' title='bbox 779 1476 820 1516; x_wconf 90' lang='lat' dir='ltr'><strong>in</strong></span> <span class='ocrx_word' id='word_1_181' title='bbox 848 1488 1020 1529; x_wconf 87' lang='lat' dir='ltr'><strong>corpore</strong></span> <span class='ocrx_word' id='word_1_182' title='bbox 1057 1480 1242 1528; x_wconf 85' lang='lat' dir='ltr'><strong>tanquam</strong></span> <span class='ocrx_word' id='word_1_183' title='bbox 1281 1476 1497 1528; x_wconf 88' lang='lat' dir='ltr'><strong>principem</strong></span> <span class='ocrx_word' id='word_1_184' title='bbox 1527 1480 1568 1516; x_wconf 89' lang='lat' dir='ltr'><strong>et</strong></span> <span class='ocrx_word' id='word_1_185' title='bbox 1606 1475 1817 1526; x_wconf 90' lang='lat' dir='ltr'><strong>dominam,</strong></span> <span class='ocrx_word' id='word_1_186' title='bbox 1855 1487 1957 1526; x_wconf 89' lang='lat' dir='ltr'><strong>quae</strong></span> <span class='ocrx_word' id='word_1_187' title='bbox 1986 1473 2069 1515; x_wconf 92' lang='lat' dir='ltr'><strong>sola</strong></span> <span class='ocrx_word' id='word_1_188' title='bbox 2098 1479 2215 1526; x_wconf 86' lang='lat' dir='ltr'><strong>regat</strong></span> <span class='ocrx_word' id='word_1_189' title='bbox 2242 1479 2282 1513; x_wconf 91' lang='lat' dir='ltr'><strong>et</strong></span> <span class='ocrx_word' id='word_1_190' title='bbox 2321 1479 2516 1524; x_wconf 85' lang='lat' dir='ltr'><strong>temperet</strong></span> 
     </span>
     <span class='ocr_line' id='line_1_18' title="bbox 192 1535 2532 1603; baseline -0.001 -15"><span class='ocrx_word' id='word_1_191' title='bbox 192 1553 232 1589; x_wconf 89' lang='lat' dir='ltr'><strong>et</strong></span> <span class='ocrx_word' id='word_1_192' title='bbox 271 1547 381 1589; x_wconf 86' lang='lat' dir='ltr'><strong>uniat</strong></span> <span class='ocrx_word' id='word_1_193' title='bbox 419 1553 555 1602; x_wconf 85' lang='lat' dir='ltr'><strong>partes</strong></span> <span class='ocrx_word' id='word_1_194' title='bbox 585 1548 765 1591; x_wconf 89' lang='lat' dir='ltr'><strong>diversas</strong></span> <span class='ocrx_word' id='word_1_195' title='bbox 796 1555 835 1591; x_wconf 87' lang='lat' dir='ltr'><strong>et</strong></span> <span class='ocrx_word' id='word_1_196' title='bbox 865 1549 1070 1592; x_wconf 87' lang='lat' dir='ltr'><strong>discordes</strong></span> <span class='ocrx_word' id='word_1_197' title='bbox 1109 1549 1306 1603; x_wconf 90' lang='lat' dir='ltr'><strong>talemque</strong></span> <span class='ocrx_word' id='word_1_198' title='bbox 1344 1549 1465 1591; x_wconf 89' lang='lat' dir='ltr'><strong>totius</strong></span> <span class='ocrx_word' id='word_1_199' title='bbox 1503 1554 1669 1591; x_wconf 84' lang='lat' dir='ltr'><strong>naturae</strong></span> <span class='ocrx_word' id='word_1_200' title='bbox 1697 1547 1842 1590; x_wconf 84' lang='lat' dir='ltr'><strong>efficiat</strong></span> <span class='ocrx_word' id='word_1_201' title='bbox 1871 1553 2122 1599; x_wconf 87' lang='lat' dir='ltr'><strong>concentum,</strong></span> <span class='ocrx_word' id='word_1_202' title='bbox 2162 1546 2288 1600; x_wconf 90' lang='lat' dir='ltr'><strong>qualis</strong></span> <span class='ocrx_word' id='word_1_203' title='bbox 2317 1535 2532 1587; x_wconf 79' lang='lat' dir='ltr'><strong>hominem&#39;</strong></span> 
     </span>
     <span class='ocr_line' id='line_1_19' title="bbox 188 1621 808 1676; baseline 0.006 -15"><span class='ocrx_word' id='word_1_204' title='bbox 188 1621 346 1663; x_wconf 81' lang='lat' dir='ltr'><strong>divinae</strong></span> <span class='ocrx_word' id='word_1_205' title='bbox 384 1629 581 1676; x_wconf 85' lang='lat' dir='ltr'><strong>exaequet</strong></span> <span class='ocrx_word' id='word_1_206' title='bbox 618 1622 808 1666; x_wconf 86' lang='lat' dir='ltr'><strong>felicitati.</strong></span> 
     </span>
    </p>
   </div>
   <div class='ocr_carea' id='block_1_4' title="bbox 192 1702 2519 2275">
    <p class='ocr_par' dir='ltr' id='par_1_8' title="bbox 192 1702 2519 2275">
     <span class='ocr_line' id='line_1_20' title="bbox 361 1702 2516 1759; baseline -0.001 -14"><span class='ocrx_word' id='word_1_207' title='bbox 361 1704 453 1746; x_wconf 87' lang='lat' dir='ltr'><strong>lllas</strong></span> <span class='ocrx_word' id='word_1_208' title='bbox 491 1717 591 1747; x_wconf 88' lang='lat' dir='ltr'><strong>vero</strong></span> <span class='ocrx_word' id='word_1_209' title='bbox 630 1705 847 1747; x_wconf 84' lang='lat' dir='ltr'><strong>sententias</strong></span> <span class='ocrx_word' id='word_1_210' title='bbox 885 1705 1096 1747; x_wconf 88' lang='lat' dir='ltr'><strong>Lucretius</strong></span> <span class='ocrx_word' id='word_1_211' title='bbox 1134 1705 1182 1746; x_wconf 90' lang='lat' dir='ltr'><strong>ad</strong></span> <span class='ocrx_word' id='word_1_212' title='bbox 1231 1706 1408 1759; x_wconf 86' lang='lat' dir='ltr'><strong>magistri</strong></span> <span class='ocrx_word' id='word_1_213' title='bbox 1445 1706 1607 1758; x_wconf 89' lang='lat' dir='ltr'><strong>Epicuri</strong></span> <span class='ocrx_word' id='word_1_214' title='bbox 1653 1705 1792 1757; x_wconf 88' lang='lat' dir='ltr'><strong>placita</strong></span> <span class='ocrx_word' id='word_1_215' title='bbox 1830 1718 1878 1747; x_wconf 90' lang='lat' dir='ltr'><strong>eo</strong></span> <span class='ocrx_word' id='word_1_216' title='bbox 1926 1705 2043 1745; x_wconf 89' lang='lat' dir='ltr'><strong>modo</strong></span> <span class='ocrx_word' id='word_1_217' title='bbox 2082 1703 2301 1755; x_wconf 85' lang='lat' dir='ltr'><strong>expressit,</strong></span> <span class='ocrx_word' id='word_1_218' title='bbox 2348 1708 2393 1743; x_wconf 89' lang='lat' dir='ltr'><strong>ut</strong></span> <span class='ocrx_word' id='word_1_219' title='bbox 2430 1702 2516 1753; x_wconf 90' lang='lat' dir='ltr'><strong>ipse</strong></span> 
     </span>
     <span class='ocr_line' id='line_1_21' title="bbox 194 1766 2516 1830; baseline -0.001 -12"><span class='ocrx_word' id='word_1_220' title='bbox 194 1787 274 1818; x_wconf 91' lang='lat' dir='ltr'><strong>non</strong></span> <span class='ocrx_word' id='word_1_221' title='bbox 313 1766 417 1819; x_wconf 84' lang='lat' dir='ltr'><strong>nova</strong></span> <span class='ocrx_word' id='word_1_222' title='bbox 451 1776 643 1830; x_wconf 87' lang='lat' dir='ltr'><strong>quaedam</strong></span> <span class='ocrx_word' id='word_1_223' title='bbox 677 1777 901 1820; x_wconf 86' lang='lat' dir='ltr'><strong>condiderit</strong></span> <span class='ocrx_word' id='word_1_224' title='bbox 939 1778 1011 1819; x_wconf 90' lang='lat' dir='ltr'><strong>sed</strong></span> <span class='ocrx_word' id='word_1_225' title='bbox 1040 1778 1245 1820; x_wconf 89' lang='lat' dir='ltr'><strong>doctrinae</strong></span> <span class='ocrx_word' id='word_1_226' title='bbox 1282 1778 1386 1820; x_wconf 90' lang='lat' dir='ltr'><strong>illius</strong></span> <span class='ocrx_word' id='word_1_227' title='bbox 1426 1779 1624 1830; x_wconf 88' lang='lat' dir='ltr'><strong>interpres</strong></span> <span class='ocrx_word' id='word_1_228' title='bbox 1661 1778 1839 1821; x_wconf 85' lang='lat' dir='ltr'><strong>extiterit</strong></span> <span class='ocrx_word' id='word_1_229' title='bbox 1882 1778 2104 1819; x_wconf 87' lang='lat' dir='ltr'><strong>fidissimus.</strong></span> <span class='ocrx_word' id='word_1_230' title='bbox 2165 1777 2320 1829; x_wconf 87' lang='lat' dir='ltr'><strong>Optime</strong></span> <span class='ocrx_word' id='word_1_231' title='bbox 2351 1776 2400 1816; x_wconf 92' lang='lat' dir='ltr'><strong>de</strong></span> <span class='ocrx_word' id='word_1_232' title='bbox 2431 1788 2516 1815; x_wconf 85' lang='lat' dir='ltr'><strong>ma-</strong></span> 
     </span>
     <span class='ocr_line' id='line_1_22' title="bbox 196 1840 2517 1906; baseline -0.002 -13"><span class='ocrx_word' id='word_1_233' title='bbox 196 1851 327 1906; x_wconf 86' lang='lat' dir='ltr'><strong>gistro</strong></span> <span class='ocrx_word' id='word_1_234' title='bbox 355 1850 572 1905; x_wconf 90' lang='lat' dir='ltr'><strong>discipulus</strong></span> <span class='ocrx_word' id='word_1_235' title='bbox 608 1853 767 1903; x_wconf 88' lang='lat' dir='ltr'><strong>meruit,</strong></span> <span class='ocrx_word' id='word_1_236' title='bbox 806 1853 911 1906; x_wconf 90' lang='lat' dir='ltr'><strong>quod</strong></span> <span class='ocrx_word' id='word_1_237' title='bbox 946 1853 1151 1895; x_wconf 84' lang='lat' dir='ltr'><strong>doctrinae</strong></span> <span class='ocrx_word' id='word_1_238' title='bbox 1184 1854 1359 1895; x_wconf 85' lang='lat' dir='ltr'><strong>rationes</strong></span> <span class='ocrx_word' id='word_1_239' title='bbox 1390 1852 1631 1895; x_wconf 81' lang='lat' dir='ltr'><strong>difficiliores</strong></span> <span class='ocrx_word' id='word_1_240' title='bbox 1668 1853 1825 1904; x_wconf 88' lang='lat' dir='ltr'><strong>penitus</strong></span> <span class='ocrx_word' id='word_1_241' title='bbox 1859 1854 2062 1904; x_wconf 77' lang='lat' dir='ltr'><strong>perspexit</strong></span> <span class='ocrx_word' id='word_1_242' title='bbox 2097 1840 2402 1903; x_wconf 78' lang='lat' dir='ltr'><strong>perspectasque</strong></span> <span class='ocrx_word' id='word_1_243' title='bbox 2435 1851 2517 1890; x_wconf 92' lang='lat' dir='ltr'><strong>suis</strong></span> 
     </span>
     <span class='ocr_line' id='line_1_23' title="bbox 194 1924 2517 1986; baseline -0.001 -20"><span class='ocrx_word' id='word_1_244' title='bbox 194 1924 409 1966; x_wconf 88' lang='lat' dir='ltr'><strong>luminibus</strong></span> <span class='ocrx_word' id='word_1_245' title='bbox 451 1925 719 1981; x_wconf 83' lang='lat' dir='ltr'><strong>collustravit3</strong></span> <span class='ocrx_word' id='word_1_246' title='bbox 762 1926 847 1979; x_wconf 89' lang='lat' dir='ltr'><strong>ipsc</strong></span> <span class='ocrx_word' id='word_1_247' title='bbox 884 1932 1013 1986; x_wconf 79' lang='lat' dir='ltr'><strong>tamen</strong></span> <span class='ocrx_word' id='word_1_248' title='bbox 1055 1926 1152 1968; x_wconf 86' lang='lat' dir='ltr'><strong>nihil</strong></span> <span class='ocrx_word' id='word_1_249' title='bbox 1189 1927 1346 1976; x_wconf 87' lang='lat' dir='ltr'><strong>adiecit,</strong></span> <span class='ocrx_word' id='word_1_250' title='bbox 1385 1940 1457 1968; x_wconf 90' lang='lat' dir='ltr'><strong>cur</strong></span> <span class='ocrx_word' id='word_1_251' title='bbox 1496 1925 1712 1968; x_wconf 86' lang='lat' dir='ltr'><strong>dissedisse</strong></span> <span class='ocrx_word' id='word_1_252' title='bbox 1755 1940 1776 1966; x_wconf 87' lang='lat' dir='ltr'><strong>a</strong></span> <span class='ocrx_word' id='word_1_253' title='bbox 1815 1926 1951 1967; x_wconf 89' lang='lat' dir='ltr'><strong>schola</strong></span> <span class='ocrx_word' id='word_1_254' title='bbox 1990 1939 2062 1968; x_wconf 87' lang='lat' dir='ltr'><strong>sua</strong></span> <span class='ocrx_word' id='word_1_255' title='bbox 2101 1931 2262 1978; x_wconf 90' lang='lat' dir='ltr'><strong>putetur</strong></span> <span class='ocrx_word' id='word_1_256' title='bbox 2287 1924 2343 1977; x_wconf 78' lang='lat'><strong>³).</strong></span> <span class='ocrx_word' id='word_1_257' title='bbox 2403 1924 2517 1972; x_wconf 87' lang='lat' dir='ltr'><strong>Quod</strong></span> 
     </span>
     <span class='ocr_line' id='line_1_24' title="bbox 194 1997 2516 2053; baseline -0.001 -14"><span class='ocrx_word' id='word_1_258' title='bbox 194 2000 314 2039; x_wconf 88' lang='lat' dir='ltr'><strong>tantis</strong></span> <span class='ocrx_word' id='word_1_259' title='bbox 354 1999 490 2039; x_wconf 89' lang='lat' dir='ltr'><strong>verbis</strong></span> <span class='ocrx_word' id='word_1_260' title='bbox 530 1999 609 2038; x_wconf 86' lang='lat' dir='ltr'><strong>vim</strong></span> <span class='ocrx_word' id='word_1_261' title='bbox 648 1998 851 2052; x_wconf 83' lang='lat' dir='ltr'><strong>praedicat</strong></span> <span class='ocrx_word' id='word_1_262' title='bbox 889 2000 1031 2042; x_wconf 87' lang='lat' dir='ltr'><strong>mentis</strong></span> <span class='ocrx_word' id='word_1_263' title='bbox 1070 2007 1257 2052; x_wconf 88' lang='lat' dir='ltr'><strong>naturae,</strong></span> <span class='ocrx_word' id='word_1_264' title='bbox 1305 2000 1344 2042; x_wconf 88' lang='lat' dir='ltr'><strong>id</strong></span> <span class='ocrx_word' id='word_1_265' title='bbox 1383 2000 1510 2053; x_wconf 91' lang='lat' dir='ltr'><strong>ipsum</strong></span> <span class='ocrx_word' id='word_1_266' title='bbox 1549 1998 1766 2041; x_wconf 84' lang='lat' dir='ltr'><strong>imitatione</strong></span> <span class='ocrx_word' id='word_1_267' title='bbox 1814 1998 1908 2040; x_wconf 85' lang='lat' dir='ltr'><strong>facit</strong></span> <span class='ocrx_word' id='word_1_268' title='bbox 1944 1998 2129 2052; x_wconf 87' lang='lat' dir='ltr'><strong>Epicuri,</strong></span> <span class='ocrx_word' id='word_1_269' title='bbox 2177 2010 2254 2051; x_wconf 87' lang='lat' dir='ltr'><strong>quo</strong></span> <span class='ocrx_word' id='word_1_270' title='bbox 2293 1997 2429 2039; x_wconf 89' lang='lat' dir='ltr'><strong>nescio</strong></span> <span class='ocrx_word' id='word_1_271' title='bbox 2469 2009 2516 2037; x_wconf 89' lang='lat' dir='ltr'><strong>an</strong></span> 
     </span>
     <span class='ocr_line' id='line_1_25' title="bbox 192 2071 2518 2126; baseline 0 -14"><span class='ocrx_word' id='word_1_272' title='bbox 192 2083 311 2113; x_wconf 89' lang='lat' dir='ltr'><strong>nemo</strong></span> <span class='ocrx_word' id='word_1_273' title='bbox 350 2073 610 2126; x_wconf 88' lang='lat' dir='ltr'><strong>philosophus</strong></span> <span class='ocrx_word' id='word_1_274' title='bbox 655 2074 864 2116; x_wconf 88' lang='lat' dir='ltr'><strong>iactantior</strong></span> <span class='ocrx_word' id='word_1_275' title='bbox 901 2073 1022 2116; x_wconf 82' lang='lat' dir='ltr'><strong>suerit</strong></span> <span class='ocrx_word' id='word_1_276' title='bbox 1068 2074 1107 2115; x_wconf 91' lang='lat' dir='ltr'><strong>in</strong></span> <span class='ocrx_word' id='word_1_277' title='bbox 1147 2075 1301 2115; x_wconf 86' lang='lat' dir='ltr'><strong>ratione</strong></span> <span class='ocrx_word' id='word_1_278' title='bbox 1350 2073 1517 2114; x_wconf 85' lang='lat' dir='ltr'><strong>humana</strong></span> <span class='ocrx_word' id='word_1_279' title='bbox 1555 2072 1756 2114; x_wconf 81' lang='lat' dir='ltr'><strong>efferenda</strong></span> <span class='ocrx_word' id='word_1_280' title='bbox 1801 2072 2050 2126; x_wconf 91' lang='lat' dir='ltr'><strong>hominisque</strong></span> <span class='ocrx_word' id='word_1_281' title='bbox 2098 2072 2288 2125; x_wconf 87' lang='lat' dir='ltr'><strong>sapientis</strong></span> <span class='ocrx_word' id='word_1_282' title='bbox 2334 2071 2518 2112; x_wconf 80' lang='lat' dir='ltr'><strong>felicitate</strong></span> 
     </span>
     <span class='ocr_line' id='line_1_26' title="bbox 192 2144 2516 2202; baseline -0 -16"><span class='ocrx_word' id='word_1_283' title='bbox 192 2146 401 2200; x_wconf 87' lang='lat' dir='ltr'><strong>glorianda</strong></span> <span class='ocrx_word' id='word_1_284' title='bbox 420 2146 483 2202; x_wconf 73' lang='lat'><strong>¹⁸).</strong></span> <span class='ocrx_word' id='word_1_285' title='bbox 541 2147 625 2188; x_wconf 89' lang='lat' dir='ltr'><strong>Nec</strong></span> <span class='ocrx_word' id='word_1_286' title='bbox 662 2147 860 2201; x_wconf 88' lang='lat' dir='ltr'><strong>Epicurus</strong></span> <span class='ocrx_word' id='word_1_287' title='bbox 900 2148 939 2187; x_wconf 89' lang='lat' dir='ltr'><strong>in</strong></span> <span class='ocrx_word' id='word_1_288' title='bbox 979 2148 1131 2188; x_wconf 86' lang='lat' dir='ltr'><strong>animae</strong></span> <span class='ocrx_word' id='word_1_289' title='bbox 1170 2153 1308 2188; x_wconf 87' lang='lat' dir='ltr'><strong>natura</strong></span> <span class='ocrx_word' id='word_1_290' title='bbox 1357 2146 1588 2200; x_wconf 76' lang='lat' dir='ltr'><strong>explicanda</strong></span> <span class='ocrx_word' id='word_1_291' title='bbox 1626 2147 1837 2200; x_wconf 91' lang='lat' dir='ltr'><strong>quicquam</strong></span> <span class='ocrx_word' id='word_1_292' title='bbox 1884 2146 2070 2189; x_wconf 87' lang='lat' dir='ltr'><strong>habuisse</strong></span> <span class='ocrx_word' id='word_1_293' title='bbox 2108 2146 2266 2189; x_wconf 86' lang='lat' dir='ltr'><strong>videtur</strong></span> <span class='ocrx_word' id='word_1_294' title='bbox 2305 2144 2516 2198; x_wconf 80' lang='lat' dir='ltr'><strong>antiquius,</strong></span> 
     </span>
     <span class='ocr_line' id='line_1_27' title="bbox 196 2220 2519 2275; baseline -0 -14"><span class='ocrx_word' id='word_1_295' title='bbox 196 2233 313 2274; x_wconf 84' lang='lat' dir='ltr'><strong>quam</strong></span> <span class='ocrx_word' id='word_1_296' title='bbox 344 2226 388 2262; x_wconf 90' lang='lat' dir='ltr'><strong>ut</strong></span> <span class='ocrx_word' id='word_1_297' title='bbox 417 2222 539 2263; x_wconf 89' lang='lat' dir='ltr'><strong>menti</strong></span> <span class='ocrx_word' id='word_1_298' title='bbox 567 2222 830 2275; x_wconf 87' lang='lat' dir='ltr'><strong>principatum</strong></span> <span class='ocrx_word' id='word_1_299' title='bbox 860 2223 1094 2265; x_wconf 77' lang='lat' dir='ltr'><strong>vindicaret.</strong></span> <span class='ocrx_word' id='word_1_300' title='bbox 1136 2222 1250 2271; x_wconf 88' lang='lat' dir='ltr'><strong>Quod</strong></span> <span class='ocrx_word' id='word_1_301' title='bbox 1280 2234 1369 2263; x_wconf 93' lang='lat' dir='ltr'><strong>cum</strong></span> <span class='ocrx_word' id='word_1_302' title='bbox 1399 2221 1475 2262; x_wconf 91' lang='lat' dir='ltr'><strong>illis</strong></span> <span class='ocrx_word' id='word_1_303' title='bbox 1499 2221 1719 2273; x_wconf 86' lang='lat' dir='ltr'><strong>sententiis,</strong></span> <span class='ocrx_word' id='word_1_304' title='bbox 1750 2233 1848 2274; x_wconf 86' lang='lat' dir='ltr'><strong>quas</strong></span> <span class='ocrx_word' id='word_1_305' title='bbox 1878 2220 1997 2263; x_wconf 90' lang='lat' dir='ltr'><strong>modo</strong></span> <span class='ocrx_word' id='word_1_306' title='bbox 2018 2234 2107 2263; x_wconf 92' lang='lat' dir='ltr'><strong>cum</strong></span> <span class='ocrx_word' id='word_1_307' title='bbox 2127 2220 2374 2264; x_wconf 86' lang='lat' dir='ltr'><strong>Lucretianis</strong></span> <span class='ocrx_word' id='word_1_308' title='bbox 2404 2231 2519 2260; x_wconf 92' lang='lat' dir='ltr'><strong>com-</strong></span> 
     </span>
    </p>
   </div>
   <div class='ocr_carea' id='block_1_5' title="bbox 346 2452 2522 3280">
    <p class='ocr_par' dir='ltr' id='par_1_9' title="bbox 346 2452 2522 3280">
     <span class='ocr_line' id='line_1_28' title="bbox 354 2452 2521 2504; baseline 0.002 -15"><span class='ocrx_word' id='word_1_309' title='bbox 354 2457 382 2499; x_wconf 91' lang='lat'><strong>¹)</strong></span> <span class='ocrx_word' id='word_1_310' title='bbox 409 2458 490 2489; x_wconf 88' lang='lat' dir='ltr'><strong>Vid.</strong></span> <span class='ocrx_word' id='word_1_311' title='bbox 519 2467 622 2498; x_wconf 87' lang='lat' dir='ltr'><strong>supra</strong></span> <span class='ocrx_word' id='word_1_312' title='bbox 651 2468 685 2498; x_wconf 86' lang='lat' dir='ltr'><strong>p.</strong></span> <span class='ocrx_word' id='word_1_313' title='bbox 715 2457 750 2490; x_wconf 89' lang='grc'><strong>9.</strong></span> <span class='ocrx_word' id='word_1_314' title='bbox 767 2475 813 2480; x_wconf 92' lang='grc'>-</span> <span class='ocrx_word' id='word_1_315' title='bbox 830 2452 861 2498; x_wconf 78' lang='grc'><strong>2)</strong></span> <span class='ocrx_word' id='word_1_316' title='bbox 888 2459 1176 2500; x_wconf 78' lang='lat' dir='ltr'><strong>Diog.L.X65:</strong></span> <span class='ocrx_word' id='word_1_317' title='bbox 1206 2458 1274 2491; x_wconf 79' lang='grc' dir='ltr'><strong>Διὸ</strong></span> <span class='ocrx_word' id='word_1_318' title='bbox 1298 2458 1340 2499; x_wconf 64' lang='grc' dir='ltr'><strong>δι)</strong></span> <span class='ocrx_word' id='word_1_319' title='bbox 1369 2460 1426 2490; x_wconf 82' lang='grc' dir='ltr'><strong>καὶ</strong></span> <span class='ocrx_word' id='word_1_320' title='bbox 1456 2458 1712 2504; x_wconf 74' lang='grc' dir='ltr'><strong>ἐνυπάρχουσα</strong></span> <span class='ocrx_word' id='word_1_321' title='bbox 1739 2460 1757 2501; x_wconf 68' lang='grc' dir='ltr'><em>ἡ</em></span> <span class='ocrx_word' id='word_1_322' title='bbox 1788 2460 1880 2504; x_wconf 65' lang='grc' dir='ltr'><strong>ψυχὴ</strong></span> <span class='ocrx_word' id='word_1_323' title='bbox 1910 2457 2104 2496; x_wconf 70' lang='grc' dir='ltr'><em>οὐδέποτε,</em></span> <span class='ocrx_word' id='word_1_324' title='bbox 2133 2457 2240 2491; x_wconf 71' lang='grc' dir='ltr'><em>ἄλλου</em></span> <span class='ocrx_word' id='word_1_325' title='bbox 2266 2459 2362 2494; x_wconf 77' lang='grc' dir='ltr'>τινὸς</span> <span class='ocrx_word' id='word_1_326' title='bbox 2388 2455 2521 2502; x_wconf 72' lang='grc' dir='ltr'><em>μέρους</em></span> 
     </span>
     <span class='ocr_line' id='line_1_29' title="bbox 346 2514 2521 2563; baseline 0 -15"><span class='ocrx_word' id='word_1_327' title='bbox 346 2515 645 2560; x_wconf 63' lang='grc' dir='ltr'><em>ἀπηλλαγμένου,</em></span> <span class='ocrx_word' id='word_1_328' title='bbox 674 2515 904 2557; x_wconf 59' lang='grc' dir='ltr'><strong>ἀναισθητεῖ,</strong></span> <span class='ocrx_word' id='word_1_329' title='bbox 932 2517 1066 2561; x_wconf 75' lang='grc' dir='ltr'>ἐάνπερ</span> <span class='ocrx_word' id='word_1_330' title='bbox 1094 2516 1248 2563; x_wconf 73' lang='grc' dir='ltr'>διαμένῃ</span> <span class='ocrx_word' id='word_1_331' title='bbox 1273 2519 1320 2550; x_wconf 74' lang='grc' dir='ltr'><strong>τὸ</strong></span> <span class='ocrx_word' id='word_1_332' title='bbox 1349 2517 1420 2555; x_wconf 79' lang='grc' dir='ltr'><strong>ὀξῠ</strong></span> <span class='ocrx_word' id='word_1_333' title='bbox 1448 2521 1557 2551; x_wconf 68' lang='grc' dir='ltr'><strong>κατὰ</strong></span> <span class='ocrx_word' id='word_1_334' title='bbox 1583 2523 1658 2559; x_wconf 69' lang='grc' dir='ltr'><strong>τὴν</strong></span> <span class='ocrx_word' id='word_1_335' title='bbox 1684 2521 1936 2559; x_wconf 71' lang='grc' dir='ltr'>αἴσθησιν,</span> <span class='ocrx_word' id='word_1_336' title='bbox 1979 2518 2067 2549; x_wconf 68' lang='grc' dir='ltr'><strong>ἀλλὰ</strong></span> <span class='ocrx_word' id='word_1_337' title='bbox 2095 2515 2141 2550; x_wconf 77' lang='grc' dir='ltr'><strong>ἄν</strong></span> <span class='ocrx_word' id='word_1_338' title='bbox 2167 2519 2224 2549; x_wconf 77' lang='grc' dir='ltr'><strong>καὶ</strong></span> <span class='ocrx_word' id='word_1_339' title='bbox 2253 2516 2335 2558; x_wconf 77' lang='grc' dir='ltr'><strong>αὕτη</strong></span> <span class='ocrx_word' id='word_1_340' title='bbox 2361 2514 2521 2556; x_wconf 74' lang='grc' dir='ltr'>ξυναπό-</span> 
     </span>
     <span class='ocr_line' id='line_1_30' title="bbox 349 2572 2522 2622; baseline 0 -15"><span class='ocrx_word' id='word_1_341' title='bbox 349 2574 457 2616; x_wconf 78' lang='grc' dir='ltr'><strong><em>ληται,</em></strong></span> <span class='ocrx_word' id='word_1_342' title='bbox 487 2575 549 2607; x_wconf 80' lang='grc' dir='ltr'><strong>τοῦ</strong></span> <span class='ocrx_word' id='word_1_343' title='bbox 578 2572 809 2618; x_wconf 77' lang='grc' dir='ltr'><strong>στεγάζοντος</strong></span> <span class='ocrx_word' id='word_1_344' title='bbox 835 2576 1006 2613; x_wconf 71' lang='grc' dir='ltr'><strong>λυθέντος</strong></span> <span class='ocrx_word' id='word_1_345' title='bbox 1043 2576 1201 2609; x_wconf 71' lang='grc' dir='ltr'><strong>εἴθ’ὅλου</strong></span> <span class='ocrx_word' id='word_1_346' title='bbox 1227 2579 1295 2609; x_wconf 71' lang='grc' dir='ltr'><strong>εἴτε</strong></span> <span class='ocrx_word' id='word_1_347' title='bbox 1323 2580 1379 2610; x_wconf 82' lang='grc' dir='ltr'><strong>καὶ</strong></span> <span class='ocrx_word' id='word_1_348' title='bbox 1407 2580 1541 2622; x_wconf 72' lang='grc' dir='ltr'><em>μέρους</em></span> <span class='ocrx_word' id='word_1_349' title='bbox 1566 2577 1674 2615; x_wconf 78' lang='grc' dir='ltr'>τινός·</span> <span class='ocrx_word' id='word_1_350' title='bbox 1727 2580 1830 2611; x_wconf 82' lang='lat' dir='ltr'><strong>verba</strong></span> <span class='ocrx_word' id='word_1_351' title='bbox 1856 2589 1941 2621; x_wconf 84' lang='lat' dir='ltr'><strong>quae</strong></span> <span class='ocrx_word' id='word_1_352' title='bbox 1969 2579 2109 2610; x_wconf 84' lang='lat' dir='ltr'><strong>subinde</strong></span> <span class='ocrx_word' id='word_1_353' title='bbox 2137 2583 2319 2619; x_wconf 83' lang='lat' dir='ltr'><strong>sequuntur</strong></span> <span class='ocrx_word' id='word_1_354' title='bbox 2345 2577 2522 2609; x_wconf 76' lang='lat' dir='ltr'><strong>conferunt</strong></span> 
     </span>
     <span class='ocr_line' id='line_1_31' title="bbox 347 2631 2521 2683; baseline 0 -16"><span class='ocrx_word' id='word_1_355' title='bbox 347 2636 391 2668; x_wconf 84' lang='lat' dir='ltr'><strong>ad</strong></span> <span class='ocrx_word' id='word_1_356' title='bbox 417 2644 552 2668; x_wconf 81' lang='lat' dir='ltr'><strong>versum</strong></span> <span class='ocrx_word' id='word_1_357' title='bbox 581 2631 676 2677; x_wconf 84' lang='lat'><strong>415,</strong></span> <span class='ocrx_word' id='word_1_358' title='bbox 702 2645 801 2678; x_wconf 89' lang='lat' dir='ltr'><strong>quem</strong></span> <span class='ocrx_word' id='word_1_359' title='bbox 830 2635 1015 2670; x_wconf 85' lang='lat' dir='ltr'><strong>Goebclius</strong></span> <span class='ocrx_word' id='word_1_360' title='bbox 1042 2638 1246 2678; x_wconf 81' lang='lat' dir='ltr'><strong>emendavit,</strong></span> <span class='ocrx_word' id='word_1_361' title='bbox 1272 2638 1525 2681; x_wconf 85' lang='lat' dir='ltr'><strong>explicandum:</strong></span> <span class='ocrx_word' id='word_1_362' title='bbox 1578 2642 1617 2671; x_wconf 77' lang='grc' dir='ltr'><strong>το</strong></span> <span class='ocrx_word' id='word_1_363' title='bbox 1645 2636 1686 2671; x_wconf 80' lang='grc' dir='ltr'><strong>δὲ</strong></span> <span class='ocrx_word' id='word_1_364' title='bbox 1712 2639 1846 2672; x_wconf 77' lang='grc' dir='ltr'><strong>λοιπόν</strong></span> <span class='ocrx_word' id='word_1_365' title='bbox 1873 2638 2065 2683; x_wconf 70' lang='grc' dir='ltr'><strong>ἄθροισμα</strong></span> <span class='ocrx_word' id='word_1_366' title='bbox 2092 2636 2267 2682; x_wconf 76' lang='grc' dir='ltr'><strong>διαμένον</strong></span> <span class='ocrx_word' id='word_1_367' title='bbox 2304 2639 2376 2670; x_wconf 81' lang='grc' dir='ltr'><strong>καὶ</strong></span> <span class='ocrx_word' id='word_1_368' title='bbox 2417 2634 2521 2669; x_wconf 80' lang='grc' dir='ltr'><strong>ὅλον</strong></span> 
     </span>
     <span class='ocr_line' id='line_1_32' title="bbox 346 2693 2520 2743; baseline 0 -16"><span class='ocrx_word' id='word_1_369' title='bbox 346 2695 405 2727; x_wconf 82' lang='grc' dir='ltr'><strong>καὶ</strong></span> <span class='ocrx_word' id='word_1_370' title='bbox 433 2694 521 2727; x_wconf 68' lang='grc' dir='ltr'><strong>κατὰ</strong></span> <span class='ocrx_word' id='word_1_371' title='bbox 546 2696 659 2738; x_wconf 76' lang='grc' dir='ltr'><em>μέρος</em></span> <span class='ocrx_word' id='word_1_372' title='bbox 677 2693 741 2727; x_wconf 79' lang='grc' dir='ltr'><strong>οὐκ</strong></span> <span class='ocrx_word' id='word_1_373' title='bbox 767 2695 843 2738; x_wconf 76' lang='grc' dir='ltr'><strong><em>ἔχει</em></strong></span> <span class='ocrx_word' id='word_1_374' title='bbox 858 2698 920 2736; x_wconf 61' lang='grc' dir='ltr'><strong>τὴν</strong></span> <span class='ocrx_word' id='word_1_375' title='bbox 946 2697 1129 2738; x_wconf 67' lang='grc' dir='ltr'>αἴσθησιν,</span> <span class='ocrx_word' id='word_1_376' title='bbox 1157 2696 1295 2729; x_wconf 77' lang='grc' dir='ltr'><strong>ἐκείνου</strong></span> <span class='ocrx_word' id='word_1_377' title='bbox 1322 2696 1595 2743; x_wconf 68' lang='grc' dir='ltr'><strong>ἀπηλλαγμένου</strong></span> <span class='ocrx_word' id='word_1_378' title='bbox 1622 2695 1709 2731; x_wconf 85' lang='grc' dir='ltr'><strong>ὅσον</strong></span> <span class='ocrx_word' id='word_1_379' title='bbox 1735 2699 1823 2731; x_wconf 78' lang='grc' dir='ltr'><strong>ποτέ</strong></span> <span class='ocrx_word' id='word_1_380' title='bbox 1847 2698 1899 2734; x_wconf 75' lang='grc' dir='ltr'><strong>ἐςι</strong></span> <span class='ocrx_word' id='word_1_381' title='bbox 1933 2697 1981 2730; x_wconf 69' lang='grc' dir='ltr'><strong>τό</strong></span> <span class='ocrx_word' id='word_1_382' title='bbox 2007 2701 2256 2730; x_wconf 78' lang='grc' dir='ltr'>συντεῖνον</span> <span class='ocrx_word' id='word_1_383' title='bbox 2282 2698 2351 2728; x_wconf 77' lang='grc' dir='ltr'><strong>τῶν</strong></span> <span class='ocrx_word' id='word_1_384' title='bbox 2378 2693 2520 2741; x_wconf 75' lang='grc' dir='ltr'>ἀτόμων</span> 
     </span>
     <span class='ocr_line' id='line_1_33' title="bbox 349 2753 2519 2799; baseline 0 -13"><span class='ocrx_word' id='word_1_385' title='bbox 349 2753 489 2794; x_wconf 74' lang='grc' dir='ltr'><em>πλῆθος</em></span> <span class='ocrx_word' id='word_1_386' title='bbox 516 2754 569 2790; x_wconf 81' lang='grc' dir='ltr'><strong>εἰς</strong></span> <span class='ocrx_word' id='word_1_387' title='bbox 595 2754 657 2794; x_wconf 68' lang='grc' dir='ltr'><strong>τὴν</strong></span> <span class='ocrx_word' id='word_1_388' title='bbox 682 2756 739 2795; x_wconf 77' lang='grc' dir='ltr'><strong>τῆς</strong></span> <span class='ocrx_word' id='word_1_389' title='bbox 766 2756 880 2797; x_wconf 72' lang='grc' dir='ltr'><strong><em>ψυχῆς</em></strong></span> <span class='ocrx_word' id='word_1_390' title='bbox 907 2755 1034 2799; x_wconf 65' lang='grc' dir='ltr'>φύσιν,</span> <span class='ocrx_word' id='word_1_391' title='bbox 1063 2773 1111 2780; x_wconf 94' lang='lat'><strong>—-</strong></span> <span class='ocrx_word' id='word_1_392' title='bbox 1139 2754 1170 2796; x_wconf 82' lang='grc'><strong>3)</strong></span> <span class='ocrx_word' id='word_1_393' title='bbox 1197 2757 1276 2789; x_wconf 84' lang='lat' dir='ltr'><strong>Non</strong></span> <span class='ocrx_word' id='word_1_394' title='bbox 1302 2757 1467 2789; x_wconf 79' lang='lat' dir='ltr'><strong>assentior</strong></span> <span class='ocrx_word' id='word_1_395' title='bbox 1493 2758 1701 2790; x_wconf 83' lang='lat' dir='ltr'><strong>Steinhartio</strong></span> <span class='ocrx_word' id='word_1_396' title='bbox 1728 2758 1775 2799; x_wconf 91' lang='lat' dir='ltr'><strong>(in</strong></span> <span class='ocrx_word' id='word_1_397' title='bbox 1790 2758 1912 2789; x_wconf 87' lang='lat' dir='ltr'><strong>Ersch.</strong></span> <span class='ocrx_word' id='word_1_398' title='bbox 1942 2763 1974 2789; x_wconf 88' lang='lat' dir='ltr'><strong>et</strong></span> <span class='ocrx_word' id='word_1_399' title='bbox 1989 2756 2133 2789; x_wconf 90' lang='lat' dir='ltr'><strong>Gruber.</strong></span> <span class='ocrx_word' id='word_1_400' title='bbox 2161 2757 2286 2798; x_wconf 72' lang='lat' dir='ltr'><strong>encycl.</strong></span> <span class='ocrx_word' id='word_1_401' title='bbox 2316 2766 2342 2787; x_wconf 89' lang='lat' dir='ltr'><strong>s.</strong></span> <span class='ocrx_word' id='word_1_402' title='bbox 2370 2767 2400 2787; x_wconf 83' lang='lat' dir='ltr'><strong>v.</strong></span> <span class='ocrx_word' id='word_1_403' title='bbox 2421 2755 2519 2797; x_wconf 88' lang='lat' dir='ltr'><strong>Epic.</strong></span> 
     </span>
     <span class='ocr_line' id='line_1_34' title="bbox 349 2808 2519 2859; baseline -0 -12"><span class='ocrx_word' id='word_1_404' title='bbox 349 2825 383 2856; x_wconf 90' lang='lat' dir='ltr'><strong>p.</strong></span> <span class='ocrx_word' id='word_1_405' title='bbox 414 2808 489 2846; x_wconf 87' lang='grc'><strong>476</strong></span> <span class='ocrx_word' id='word_1_406' title='bbox 518 2814 595 2846; x_wconf 84' lang='lat' dir='ltr'><strong>adn.</strong></span> <span class='ocrx_word' id='word_1_407' title='bbox 624 2808 690 2855; x_wconf 89' lang='lat'><strong>44)</strong></span> <span class='ocrx_word' id='word_1_408' title='bbox 726 2814 910 2857; x_wconf 86' lang='lat' dir='ltr'><strong>Epicurum</strong></span> <span class='ocrx_word' id='word_1_409' title='bbox 939 2817 972 2847; x_wconf 86' lang='lat' dir='ltr'><strong>in</strong></span> <span class='ocrx_word' id='word_1_410' title='bbox 999 2818 1166 2859; x_wconf 77' lang='lat' dir='ltr'><strong>corporiS,</strong></span> <span class='ocrx_word' id='word_1_411' title='bbox 1201 2817 1392 2849; x_wconf 85' lang='lat' dir='ltr'><strong>Lucretium</strong></span> <span class='ocrx_word' id='word_1_412' title='bbox 1425 2818 1458 2849; x_wconf 92' lang='lat' dir='ltr'><strong>in</strong></span> <span class='ocrx_word' id='word_1_413' title='bbox 1493 2818 1595 2850; x_wconf 85' lang='lat' dir='ltr'><strong>animi</strong></span> <span class='ocrx_word' id='word_1_414' title='bbox 1620 2818 1836 2850; x_wconf 86' lang='lat' dir='ltr'><strong>dissolutione</strong></span> <span class='ocrx_word' id='word_1_415' title='bbox 1870 2818 2015 2849; x_wconf 85' lang='lat' dir='ltr'><strong>hominis</strong></span> <span class='ocrx_word' id='word_1_416' title='bbox 2048 2817 2218 2849; x_wconf 85' lang='lat' dir='ltr'><strong>interitum</strong></span> <span class='ocrx_word' id='word_1_417' title='bbox 2245 2816 2410 2858; x_wconf 85' lang='lat' dir='ltr'><strong>posuisse.</strong></span> <span class='ocrx_word' id='word_1_418' title='bbox 2465 2815 2519 2846; x_wconf 81' lang='lat' dir='ltr'><strong>Ex</strong></span> 
     </span>
     <span class='ocr_line' id='line_1_35' title="bbox 348 2873 2520 2919; baseline 0 -13"><span class='ocrx_word' id='word_1_419' title='bbox 348 2883 416 2906; x_wconf 90' lang='lat' dir='ltr'><strong>uno</strong></span> <span class='ocrx_word' id='word_1_420' title='bbox 442 2873 521 2914; x_wconf 87' lang='lat' dir='ltr'><strong>illo,</strong></span> <span class='ocrx_word' id='word_1_421' title='bbox 555 2883 655 2916; x_wconf 89' lang='lat' dir='ltr'><strong>quem</strong></span> <span class='ocrx_word' id='word_1_422' title='bbox 682 2874 838 2915; x_wconf 84' lang='lat' dir='ltr'><strong>exhibet,</strong></span> <span class='ocrx_word' id='word_1_423' title='bbox 873 2875 948 2908; x_wconf 90' lang='lat' dir='ltr'><strong>loco</strong></span> <span class='ocrx_word' id='word_1_424' title='bbox 975 2876 1076 2918; x_wconf 88' lang='lat' dir='ltr'><strong>Diog.</strong></span> <span class='ocrx_word' id='word_1_425' title='bbox 1103 2876 1144 2909; x_wconf 86' lang='lat' dir='ltr'><strong>L.</strong></span> <span class='ocrx_word' id='word_1_426' title='bbox 1171 2877 1206 2909; x_wconf 89' lang='lat' dir='ltr'>X</span> <span class='ocrx_word' id='word_1_427' title='bbox 1234 2875 1280 2910; x_wconf 87' lang='lat'><strong>65</strong></span> <span class='ocrx_word' id='word_1_428' title='bbox 1309 2877 1507 2918; x_wconf 85' lang='lat' dir='ltr'><strong>intelligitur</strong></span> <span class='ocrx_word' id='word_1_429' title='bbox 1532 2877 1717 2919; x_wconf 87' lang='lat' dir='ltr'><strong>Epicurum</strong></span> <span class='ocrx_word' id='word_1_430' title='bbox 1751 2878 1921 2910; x_wconf 87' lang='lat' dir='ltr'><strong>censuisse</strong></span> <span class='ocrx_word' id='word_1_431' title='bbox 1956 2878 2087 2909; x_wconf 83' lang='lat' dir='ltr'><strong>animae</strong></span> <span class='ocrx_word' id='word_1_432' title='bbox 2122 2881 2269 2918; x_wconf 82' lang='lat' dir='ltr'><strong>partem,</strong></span> <span class='ocrx_word' id='word_1_433' title='bbox 2310 2887 2376 2918; x_wconf 84' lang='lat' dir='ltr'><strong>qua</strong></span> <span class='ocrx_word' id='word_1_434' title='bbox 2403 2886 2520 2908; x_wconf 88' lang='lat' dir='ltr'><strong>sensus</strong></span> 
     </span>
     <span class='ocr_line' id='line_1_36' title="bbox 350 2931 2519 2981; baseline 0 -15"><span class='ocrx_word' id='word_1_435' title='bbox 350 2943 494 2966; x_wconf 83' lang='lat' dir='ltr'><strong>acumen</strong></span> <span class='ocrx_word' id='word_1_436' title='bbox 520 2933 746 2965; x_wconf 84' lang='lat' dir='ltr'><strong>contineretur</strong></span> <span class='ocrx_word' id='word_1_437' title='bbox 771 2931 826 2974; x_wconf 85' lang='grc' dir='ltr'><strong>(ιό</strong></span> <span class='ocrx_word' id='word_1_438' title='bbox 846 2932 903 2971; x_wconf 81' lang='grc' dir='ltr'>ὀξι)</span> <span class='ocrx_word' id='word_1_439' title='bbox 931 2936 1019 2966; x_wconf 60' lang='lat' dir='ltr'><strong>zara</strong></span> <span class='ocrx_word' id='word_1_440' title='bbox 1046 2936 1106 2976; x_wconf 64' lang='grc' dir='ltr'><strong>ιιῑν</strong></span> <span class='ocrx_word' id='word_1_441' title='bbox 1133 2936 1324 2977; x_wconf 74' lang='grc' dir='ltr'>αἴσθησιν·</span> <span class='ocrx_word' id='word_1_442' title='bbox 1352 2936 1390 2968; x_wconf 77' lang='grc' dir='ltr'><strong>τὸ</strong></span> <span class='ocrx_word' id='word_1_443' title='bbox 1417 2939 1603 2969; x_wconf 73' lang='grc' dir='ltr'>συντεῖνον</span> <span class='ocrx_word' id='word_1_444' title='bbox 1623 2937 1693 2969; x_wconf 78' lang='grc' dir='ltr'><strong>τῶν</strong></span> <span class='ocrx_word' id='word_1_445' title='bbox 1721 2934 1867 2981; x_wconf 81' lang='grc' dir='ltr'>αἰόμων</span> <span class='ocrx_word' id='word_1_446' title='bbox 1894 2936 2034 2976; x_wconf 73' lang='grc' dir='ltr'><em>πλῆθος</em></span> <span class='ocrx_word' id='word_1_447' title='bbox 2059 2936 2124 2968; x_wconf 89' lang='lat' dir='ltr'><strong>vid.</strong></span> <span class='ocrx_word' id='word_1_448' title='bbox 2141 2937 2218 2968; x_wconf 84' lang='lat' dir='ltr'><strong>adn.</strong></span> <span class='ocrx_word' id='word_1_449' title='bbox 2237 2933 2285 2977; x_wconf 87' lang='lat'><strong>2),</strong></span> <span class='ocrx_word' id='word_1_450' title='bbox 2311 2935 2519 2968; x_wconf 80' lang='lat' dir='ltr'><strong>interituram</strong></span> 
     </span>
     <span class='ocr_line' id='line_1_37' title="bbox 349 2993 2518 3039; baseline 0 -13"><span class='ocrx_word' id='word_1_451' title='bbox 349 3003 443 3034; x_wconf 85' lang='lat' dir='ltr'><strong>esse,</strong></span> <span class='ocrx_word' id='word_1_452' title='bbox 479 2993 507 3025; x_wconf 89' lang='lat' dir='ltr'><strong>si</strong></span> <span class='ocrx_word' id='word_1_453' title='bbox 533 2993 588 3026; x_wconf 88' lang='lat' dir='ltr'><strong>vel</strong></span> <span class='ocrx_word' id='word_1_454' title='bbox 612 2998 721 3027; x_wconf 81' lang='lat' dir='ltr'><strong>totum</strong></span> <span class='ocrx_word' id='word_1_455' title='bbox 754 3004 879 3037; x_wconf 82' lang='lat' dir='ltr'><strong>corpus</strong></span> <span class='ocrx_word' id='word_1_456' title='bbox 904 2995 958 3027; x_wconf 87' lang='lat' dir='ltr'><strong>vel</strong></span> <span class='ocrx_word' id='word_1_457' title='bbox 985 3006 1064 3038; x_wconf 81' lang='lat' dir='ltr'><strong>pars</strong></span> <span class='ocrx_word' id='word_1_458' title='bbox 1090 3001 1271 3038; x_wconf 78' lang='lat' dir='ltr'><strong>contegens</strong></span> <span class='ocrx_word' id='word_1_459' title='bbox 1306 2996 1552 3029; x_wconf 85' lang='lat' dir='ltr'><strong>dissolveretur.</strong></span> <span class='ocrx_word' id='word_1_460' title='bbox 1607 2995 1728 3037; x_wconf 85' lang='lat' dir='ltr'><strong>Qualis</strong></span> <span class='ocrx_word' id='word_1_461' title='bbox 1753 2996 1815 3029; x_wconf 84' lang='lat' dir='ltr'><strong>illa.</strong></span> <span class='ocrx_word' id='word_1_462' title='bbox 1839 3006 1919 3039; x_wconf 81' lang='lat' dir='ltr'><strong>pars</strong></span> <span class='ocrx_word' id='word_1_463' title='bbox 1947 2996 2004 3037; x_wconf 88' lang='lat' dir='ltr'><strong>sit,</strong></span> <span class='ocrx_word' id='word_1_464' title='bbox 2039 3006 2108 3029; x_wconf 89' lang='lat' dir='ltr'><strong>non</strong></span> <span class='ocrx_word' id='word_1_465' title='bbox 2134 3001 2185 3029; x_wconf 86' lang='lat' dir='ltr'><strong>est</strong></span> <span class='ocrx_word' id='word_1_466' title='bbox 2209 2996 2412 3035; x_wconf 72' lang='lat' dir='ltr'><strong>indicatum,</strong></span> <span class='ocrx_word' id='word_1_467' title='bbox 2452 3005 2518 3028; x_wconf 88' lang='lat' dir='ltr'><strong>non</strong></span> 
     </span>
     <span class='ocr_line' id='line_1_38' title="bbox 351 3054 2520 3100; baseline 0.001 -15"><span class='ocrx_word' id='word_1_468' title='bbox 351 3054 617 3096; x_wconf 78' lang='lat' dir='ltr'><strong>qualemcunque</strong></span> <span class='ocrx_word' id='word_1_469' title='bbox 644 3054 724 3096; x_wconf 87' lang='lat' dir='ltr'><strong>fingi</strong></span> <span class='ocrx_word' id='word_1_470' title='bbox 751 3054 853 3087; x_wconf 73' lang='lat' dir='ltr'><strong>licere</strong></span> <span class='ocrx_word' id='word_1_471' title='bbox 879 3065 922 3087; x_wconf 81' lang='lat' dir='ltr'><strong>ex</strong></span> <span class='ocrx_word' id='word_1_472' title='bbox 940 3055 1007 3087; x_wconf 90' lang='lat' dir='ltr'><strong>loci</strong></span> <span class='ocrx_word' id='word_1_473' title='bbox 1032 3056 1125 3088; x_wconf 85' lang='lat' dir='ltr'><strong>initio</strong></span> <span class='ocrx_word' id='word_1_474' title='bbox 1139 3060 1291 3099; x_wconf 83' lang='lat' dir='ltr'><strong>apparet.</strong></span> <span class='ocrx_word' id='word_1_475' title='bbox 1327 3055 1504 3088; x_wconf 89' lang='lat' dir='ltr'><strong>Lucretius</strong></span> <span class='ocrx_word' id='word_1_476' title='bbox 1517 3057 1604 3088; x_wconf 88' lang='lat' dir='ltr'><strong>idem</strong></span> <span class='ocrx_word' id='word_1_477' title='bbox 1619 3056 1766 3089; x_wconf 75' lang='lat' dir='ltr'><strong>affirmat</strong></span> <span class='ocrx_word' id='word_1_478' title='bbox 1781 3057 1822 3089; x_wconf 89' lang='lat' dir='ltr'><strong>de</strong></span> <span class='ocrx_word' id='word_1_479' title='bbox 1836 3061 1905 3089; x_wconf 73' lang='lat' dir='ltr'><strong>toto</strong></span> <span class='ocrx_word' id='word_1_480' title='bbox 1919 3066 2059 3100; x_wconf 87' lang='lat' dir='ltr'><strong>corpore</strong></span> <span class='ocrx_word' id='word_1_481' title='bbox 2073 3066 2103 3089; x_wconf 79' lang='lat' dir='ltr'><strong>v,</strong></span> <span class='ocrx_word' id='word_1_482' title='bbox 2120 3054 2317 3096; x_wconf 82' lang='lat'><strong>322—26;</strong></span> <span class='ocrx_word' id='word_1_483' title='bbox 2344 3064 2406 3087; x_wconf 90' lang='lat' dir='ltr'><strong>nec</strong></span> <span class='ocrx_word' id='word_1_484' title='bbox 2431 3060 2520 3088; x_wconf 79' lang='lat' dir='ltr'><strong>tacet</strong></span> 
     </span>
     <span class='ocr_line' id='line_1_39' title="bbox 349 3109 2520 3160; baseline 0 -13"><span class='ocrx_word' id='word_1_485' title='bbox 349 3115 392 3147; x_wconf 86' lang='lat' dir='ltr'><strong>de</strong></span> <span class='ocrx_word' id='word_1_486' title='bbox 418 3119 514 3157; x_wconf 81' lang='lat' dir='ltr'><strong>parte</strong></span> <span class='ocrx_word' id='word_1_487' title='bbox 540 3124 570 3147; x_wconf 76' lang='lat' dir='ltr'><strong>v,</strong></span> <span class='ocrx_word' id='word_1_488' title='bbox 599 3109 686 3150; x_wconf 78' lang='lat'><strong>413.</strong></span> <span class='ocrx_word' id='word_1_489' title='bbox 721 3114 769 3148; x_wconf 80' lang='lat' dir='ltr'><strong>Ut</strong></span> <span class='ocrx_word' id='word_1_490' title='bbox 794 3116 882 3148; x_wconf 90' lang='lat' dir='ltr'><strong>enim</strong></span> <span class='ocrx_word' id='word_1_491' title='bbox 908 3117 1000 3148; x_wconf 86' lang='lat' dir='ltr'><strong>visus</strong></span> <span class='ocrx_word' id='word_1_492' title='bbox 1027 3116 1120 3149; x_wconf 84' lang='lat' dir='ltr'><strong>laesa</strong></span> <span class='ocrx_word' id='word_1_493' title='bbox 1145 3117 1284 3159; x_wconf 82' lang='lat' dir='ltr'><strong>pupula,</strong></span> <span class='ocrx_word' id='word_1_494' title='bbox 1310 3117 1357 3148; x_wconf 86' lang='lat' dir='ltr'><strong>ita.</strong></span> <span class='ocrx_word' id='word_1_495' title='bbox 1382 3118 1544 3149; x_wconf 87' lang='lat' dir='ltr'><strong>sentiendi</strong></span> <span class='ocrx_word' id='word_1_496' title='bbox 1571 3118 1660 3150; x_wconf 84' lang='lat' dir='ltr'><strong>acies</strong></span> <span class='ocrx_word' id='word_1_497' title='bbox 1686 3123 1781 3160; x_wconf 85' lang='lat' dir='ltr'><strong>parte</strong></span> <span class='ocrx_word' id='word_1_498' title='bbox 1807 3117 1878 3158; x_wconf 86' lang='lat' dir='ltr'><strong>illa,</strong></span> <span class='ocrx_word' id='word_1_499' title='bbox 1904 3128 1971 3160; x_wconf 81' lang='lat' dir='ltr'><strong>qua</strong></span> <span class='ocrx_word' id='word_1_500' title='bbox 1997 3119 2193 3159; x_wconf 85' lang='lat' dir='ltr'><strong>contegitur,</strong></span> <span class='ocrx_word' id='word_1_501' title='bbox 2220 3121 2378 3158; x_wconf 80' lang='lat' dir='ltr'><strong>corrupta</strong></span> <span class='ocrx_word' id='word_1_502' title='bbox 2403 3123 2520 3159; x_wconf 83' lang='lat' dir='ltr'><strong>pereat</strong></span> 
     </span>
     <span class='ocr_line' id='line_1_40' title="bbox 350 3170 2518 3223; baseline 0.001 -17"><span class='ocrx_word' id='word_1_503' title='bbox 350 3179 403 3206; x_wconf 87' lang='lat' dir='ltr'><strong>est</strong></span> <span class='ocrx_word' id='word_1_504' title='bbox 427 3183 577 3206; x_wconf 87' lang='lat' dir='ltr'><strong>necesse.</strong></span> <span class='ocrx_word' id='word_1_505' title='bbox 605 3191 654 3198; x_wconf 85' lang='lat'>—</span> <span class='ocrx_word' id='word_1_506' title='bbox 681 3170 713 3215; x_wconf 82' lang='lat'><strong>‘⁸)</strong></span> <span class='ocrx_word' id='word_1_507' title='bbox 741 3175 844 3217; x_wconf 87' lang='lat' dir='ltr'><strong>Diog.</strong></span> <span class='ocrx_word' id='word_1_508' title='bbox 872 3175 913 3208; x_wconf 90' lang='lat' dir='ltr'><strong>L.</strong></span> <span class='ocrx_word' id='word_1_509' title='bbox 940 3176 975 3208; x_wconf 92' lang='lat' dir='ltr'>X</span> <span class='ocrx_word' id='word_1_510' title='bbox 1007 3175 1096 3209; x_wconf 84' lang='lat'>132:</span> <span class='ocrx_word' id='word_1_511' title='bbox 1123 3177 1162 3208; x_wconf 78' lang='grc' dir='ltr'><strong>τὸ</strong></span> <span class='ocrx_word' id='word_1_512' title='bbox 1186 3176 1338 3220; x_wconf 81' lang='grc' dir='ltr'><strong>μέγιςον</strong></span> <span class='ocrx_word' id='word_1_513' title='bbox 1363 3173 1507 3220; x_wconf 72' lang='grc' dir='ltr'>ἀγαθὸν</span> <span class='ocrx_word' id='word_1_514' title='bbox 1532 3175 1550 3216; x_wconf 77' lang='grc' dir='ltr'><em>ἦ</em></span> <span class='ocrx_word' id='word_1_515' title='bbox 1578 3174 1763 3220; x_wconf 77' lang='grc' dir='ltr'>φρόνησις.</span> <span class='ocrx_word' id='word_1_516' title='bbox 1812 3177 1864 3208; x_wconf 88' lang='lat' dir='ltr'><strong>Ib.</strong></span> <span class='ocrx_word' id='word_1_517' title='bbox 1896 3176 1986 3209; x_wconf 85' lang='lat'>135:</span> <span class='ocrx_word' id='word_1_518' title='bbox 2021 3175 2103 3223; x_wconf 67' lang='grc' dir='ltr'>ζήσῃ</span> <span class='ocrx_word' id='word_1_519' title='bbox 2132 3174 2172 3209; x_wconf 82' lang='grc' dir='ltr'><strong>δὲ</strong></span> <span class='ocrx_word' id='word_1_520' title='bbox 2200 3174 2249 3213; x_wconf 79' lang='grc' dir='ltr'><strong>ὦς</strong></span> <span class='ocrx_word' id='word_1_521' title='bbox 2274 3174 2362 3212; x_wconf 78' lang='grc' dir='ltr'><strong>θεὸς</strong></span> <span class='ocrx_word' id='word_1_522' title='bbox 2387 3175 2428 3208; x_wconf 74' lang='grc' dir='ltr'><strong>ἐν</strong></span> <span class='ocrx_word' id='word_1_523' title='bbox 2455 3175 2518 3208; x_wconf 75' lang='grc' dir='ltr'><strong>ἀν-</strong></span> 
     </span>
     <span class='ocr_line' id='line_1_41' title="bbox 350 3231 2514 3280; baseline 0 -14"><span class='ocrx_word' id='word_1_524' title='bbox 350 3231 532 3277; x_wconf 73' lang='grc' dir='ltr'><em>θρώποις.</em></span> <span class='ocrx_word' id='word_1_525' title='bbox 587 3231 710 3267; x_wconf 76' lang='grc' dir='ltr'>Οὐθὲν</span> <span class='ocrx_word' id='word_1_526' title='bbox 734 3235 805 3279; x_wconf 71' lang='grc' dir='ltr'><strong>γὰρ</strong></span> <span class='ocrx_word' id='word_1_527' title='bbox 831 3234 926 3267; x_wconf 78' lang='grc' dir='ltr'><em>ἔοικε</em></span> <span class='ocrx_word' id='word_1_528' title='bbox 954 3236 1072 3280; x_wconf 75' lang='grc' dir='ltr'>θνητῷ</span> <span class='ocrx_word' id='word_1_529' title='bbox 1098 3234 1176 3280; x_wconf 80' lang='grc' dir='ltr'><strong>ζώῳ</strong></span> <span class='ocrx_word' id='word_1_530' title='bbox 1204 3235 1274 3274; x_wconf 72' lang='grc' dir='ltr'><strong>ζῶν</strong></span> <span class='ocrx_word' id='word_1_531' title='bbox 1300 3233 1497 3278; x_wconf 77' lang='grc' dir='ltr'><strong>ἄνθρωπος</strong></span> <span class='ocrx_word' id='word_1_532' title='bbox 1523 3235 1561 3268; x_wconf 77' lang='grc' dir='ltr'><strong>ἐν</strong></span> <span class='ocrx_word' id='word_1_533' title='bbox 1590 3234 1786 3272; x_wconf 72' lang='grc' dir='ltr'><strong>α’θανάιοις</strong></span> <span class='ocrx_word' id='word_1_534' title='bbox 1813 3234 1979 3280; x_wconf 64' lang='grc' dir='ltr'><strong>ἀγαθοῖς.</strong></span> <span class='ocrx_word' id='word_1_535' title='bbox 2034 3236 2089 3270; x_wconf 85' lang='lat' dir='ltr'><strong>Cf.</strong></span> <span class='ocrx_word' id='word_1_536' title='bbox 2116 3236 2211 3269; x_wconf 86' lang='lat' dir='ltr'><strong>Stob.</strong></span> <span class='ocrx_word' id='word_1_537' title='bbox 2241 3246 2338 3268; x_wconf 82' lang='lat' dir='ltr'><strong>serm.</strong></span> <span class='ocrx_word' id='word_1_538' title='bbox 2369 3236 2429 3275; x_wconf 81' lang='lat'><strong>17,</strong></span> <span class='ocrx_word' id='word_1_539' title='bbox 2456 3235 2514 3268; x_wconf 83' lang='lat'><strong>30.</strong></span> 
     </span>
    </p>
   </div>
  </div>
 </body>
</html>
