2744 3711
1213 223 1468 263 -6-

167 353 246 395 hoc
274 352 475 395 subtiliter
504 353 633 407 magis
661 364 781 405 quam
811 352 1009 395 dilucidet
1048 358 1093 394 ut
1122 353 1259 406 facile,
1291 354 1330 393 id
1358 353 1466 405 quod
1495 353 1690 394 accidisse
1719 352 1824 394 infra
1855 353 2103 407 videbimus,
2134 355 2233 397 falso
2262 356 2507 400 intellectum

166 425 220 469 sit
248 424 521 468 mediocribus
547 424 753 468 hominum
790 425 977 481 ingeniis.
1038 425 1117 479 ipsi
1146 432 1259 469 certe
1288 431 1495 477 auctores,
1538 425 1858 479 qualemcunque
1895 426 2065 480 partium
2095 434 2335 480 concentum
2373 437 2506 475 mente

166 502 455 553 conceperunt,
484 498 644 553 penitus
673 509 902 541 connexum
930 510 1022 541 cum
1051 509 1226 552 corpore
1254 498 1427 560 animum
1457 498 1685 541 noluerunt.
1737 497 1838 540 Nam
1867 499 2022 542 animos
2049 501 2295 545 immortates
2323 503 2506 546 mortali-

142 572 145 573 ’
167 570 245 612 bus
261 570 504 624 corporibus
519 570 709 613 dixerunt
738 582 892 625 poenae
909 583 1053 613 caussa
1080 582 1175 612 esse
1189 570 1372 625 alligatos
1398 576 1442 612 et
1472 577 1655 625 tanquam
1671 569 1711 611 in
1739 571 1929 623 sepulcro
1959 573 2130 625 quodam
2148 574 2215 615 vel
2243 586 2410 617 carcere
2438 577 2505 618 in-

167 643 305 691 clusos
332 653 381 684 ea
409 643 664 697 condicione,
693 650 738 685 ut
765 655 840 698 pro
868 656 916 686 se
944 645 1111 699 quisque
1139 644 1245 685 inter
1269 645 1389 685 vitam
1420 644 1513 685 inde
1542 656 1588 685 se
1616 644 1807 696 expedire
1836 643 2018 695 deberet,
2045 657 2127 697 quo
2156 647 2296 687 mortis
2326 653 2507 699 tempore

167 716 353 771 sincerus
384 717 639 769 terrenisque
675 716 864 756 sordibus
895 729 1017 768 purus
1057 718 1098 756 in
1126 717 1304 756 coeleste
1332 717 1572 756 domicilium
1602 718 1826 769 remigrare
1855 724 1991 768 posset
2024 718 2082 770 ¹).
2143 719 2264 759 Multa
2293 726 2425 760 autem
2455 721 2506 760 de
2578 723 2597 732 “

167 788 392 829 animorum
433 794 524 841 post
553 784 723 829 mertem
761 794 865 829 statu
895 789 1120 829 docuerunt
1149 789 1382 839 obscurius,
1424 801 1516 837 cum
1546 788 1687 830 fabulis
1716 795 1946 841 poetarum,
1985 796 2067 831 tum
2096 789 2183 831 aliis
2213 791 2410 833 eiusmodi
2439 792 2504 832 in-

167 862 348 903 volucris
376 869 419 903 et
447 863 734 917 integumentis
762 863 839 913 usi,
868 862 999 915 qualia
1029 862 1231 915 mysteriis
1249 874 1295 901 ac
1318 861 1495 914 reliquae
1513 861 1625 915 vulgi
1644 862 1918 914 superstitioni
1936 863 2234 906 accommodata
2256 865 2503 908 viderentur.

167 934 306 988 ltaque
344 948 416 977 eos
454 937 631 987 animos,
666 936 733 988 qui
760 936 867 977 vitiis
895 942 1015 988 atque
1051 936 1214 989 flagitiis
1252 937 1292 975 in
1321 935 1392 974 hac
1419 936 1499 976 vita
1538 947 1583 975 se
1621 936 1977 987 contaminassent,
2014 943 2224 990 antequam
2254 938 2302 977 ad
2333 937 2502 978 deorum

168 1009 403 1050 societatem
440 1010 721 1061 pervenirent,
760 1008 930 1050 luendae
978 1022 1130 1061 poenae
1174 1022 1314 1050 caussa
1351 1015 1420 1049 aut
1459 1008 1507 1049 ad
1547 1008 1696 1049 inferos
1739 1010 1978 1051 transituros
2016 1017 2083 1051 aut
2112 1023 2184 1062 per
2213 1010 2287 1051 alia
2316 1011 2503 1064 deinceps

168 1094 342 1135 corpora
368 1082 457 1124 sive
485 1082 687 1124 hominum
715 1082 803 1127 sive
833 1082 1042 1125 brutorum
1073 1082 1316 1136 migraturos
1343 1094 1434 1124 esse
1462 1087 1688 1125 statuerunt
1715 1081 1775 1136 ²).
1829 1081 1953 1135 idque
1981 1081 2069 1136 ipse
2099 1081 2347 1138 Pythagoras
2375 1082 2504 1127 fertur

168 1168 371 1209 narrasse,
401 1169 447 1197 se
476 1156 570 1197 olim
600 1156 704 1209 apud
732 1154 884 1197 inferos
914 1155 1106 1208 supplicia
1137 1155 1328 1196 malorum
1358 1154 1668 1204 vidissc,-etiam
1697 1166 1743 1196 se
1772 1155 1992 1206 recordari,
2022 1156 2062 1197 in
2091 1156 2236 1208 quibus
2265 1162 2381 1198 antea
2406 1168 2503 1198 cor-

167 1229 335 1282 poribus
363 1229 544 1271 inclusus
572 1228 713 1270 fuisset
735 1230 794 1283 ³).
823 1227 972 1269 Similia
1000 1228 1051 1269 de
1080 1241 1155 1270 sua
1184 1228 1273 1280 ipse
1301 1228 1540 1281 migratione
1568 1228 1800 1269 recordatus
1830 1234 1892 1270 est
1920 1234 2038 1281 poeta
2067 1229 2326 1281 philosophus
2355 1229 2502 1282 Empe-

166 1302 319 1354 docles,
349 1303 417 1355 qui
446 1302 524 1344 hoc
552 1303 674 1344 etiam
701 1302 1019 1355 superstitiosius
1048 1301 1221 1352 addidit,
1251 1314 1298 1342 se
1327 1301 1420 1342 olim
1451 1313 1529 1342 non
1560 1301 1689 1342 solum
1720 1302 1871 1343 bestiae
1900 1302 1971 1343 sed
2002 1302 2158 1354 plantae
2186 1303 2306 1344 etiam
2334 1302 2503 1344 formam

166 1374 421 1430 induisse4).
480 1374 671 1428 idemque
701 1374 959 1429 philosophus
996 1375 1072 1415 etsi
1111 1375 1284 1415 animum
1320 1374 1449 1415 nativa
1478 1374 1611 1414 indole
1648 1374 1824 1415 divinum
1853 1387 1946 1416 esse
1983 1381 2024 1417 et
2063 1375 2325 1418 immortalem
2363 1376 2501 1426 sensit,

167 1453 298 1491 tamen
343 1459 436 1490 cum
480 1448 665 1491 omnibus
702 1448 864 1490 omnino
904 1447 1189 1498 animantibus,
1233 1448 1349 1489 etiam
1396 1447 1542 1501 plantis
1576 1446 1771 1488 tribueret
1809 1447 1890 1488 vim
1927 1447 2175 1503 intelligendi
2220 1454 2261 1490 et
2298 1449 2501 1504 cogitandi

166 1519 404 1576 (φρόνησιν
426 1518 501 1562 καὶ
529 1519 709 1575 νόημα),
740 1521 870 1562 minus
900 1520 1006 1562 illam
1036 1531 1153 1573 quam
1182 1521 1259 1574 ipsi
1288 1520 1527 1575 Pythagorei
1556 1531 1578 1561 a
1607 1525 1718 1573 parte
1749 1520 1905 1562 mortali
1933 1527 1974 1562 et
2002 1520 2206 1562 deteriore
2235 1521 2414 1564 distinxit
2441 1520 2501 1576 ⁵).

166 1591 253 1636 Nec
280 1592 547 1647 Empedocles
574 1591 672 1637 satis
709 1593 787 1636 sibi
816 1592 995 1635 constitit
1038 1592 1079 1634 in
1108 1594 1307 1635 sententia
1335 1593 1384 1634 de
1413 1593 1633 1633 animorum
1663 1592 1841 1647 origine:
1880 1593 1999 1634 modo
2027 1594 2133 1633 enim
2163 1599 2349 1647 tanquam
2387 1599 2499 1634 vates

168 1657 400 1710 enuntiavit*
419 1679 493 1709 eos
522 1666 713 1709 divinitus
750 1671 791 1709 et
820 1666 1077 1708 extrinsecus
1117 1667 1157 1708 in
1188 1678 1357 1721 corpora
1396 1666 1560 1717 inferri,
1599 1666 1715 1707 modo
1746 1673 1928 1720 tanquam
1966 1667 2156 1721 physicus
2186 1669 2321 1708 statuit
2350 1679 2421 1708 eos
2451 1679 2503 1707 ex

169 1741 306 1782 mundi
334 1741 544 1782 elementis
574 1741 767 1782 mixtione
794 1740 962 1794 quadam
992 1740 1276 1792 particularum
1305 1747 1343 1781 et
1372 1740 1565 1793 temperie
1595 1741 1707 1792 quasi
1736 1741 1871 1781 enasci
1892 1740 1952 1794 ὓ).
2011 1741 2242 1781 Cuiusmodi
2272 1742 2502 1793 opinionum

168 1815 384 1856 discrimen
414 1815 491 1855 iam
521 1821 614 1855 ante
630 1813 913 1867 Empedoclem
939 1814 1121 1854 extitisse
1150 1819 1192 1854 et
1220 1814 1285 1854 vel
1314 1815 1616 1855 controversiae
1644 1826 1779 1854 ansam
1814 1812 2059 1865 philosophis
2077 1814 2253 1864 dedisse,
2271 1827 2322 1855 ex
2353 1814 2502 1866 paucis,

167 1900 272 1941 quos
298 1888 503 1942 Diogenes
515 1888 699 1929 Laertius
728 1888 920 1938 servavit,
951 1887 1135 1927 versibus
1164 1887 1301 1941 colligi
1329 1893 1460 1939 potest
1479 1886 1761 1939 Epicharmeis‚
1791 1887 1833 1928 in
1863 1886 2008 1939 quibus
2037 1887 2104 1927 ovi
2134 1887 2318 1939 exemplo
2347 1898 2500 1939 propo-

168 1961 247 2003 sito
283 1959 455 2002 efficitur
498 1961 670 2001 animum
708 1972 789 2001 non
824 1960 1079 2002 extrinsecus
1117 1959 1157 2000 in
1196 1971 1343 2013 corpus
1383 1959 1564 2014 ingredi,
1603 1959 1675 2000 sed
1713 1958 1900 2001 latentem
1939 1959 1978 2000 in
2008 1959 2095 2012 ipso
2125 1971 2297 2013 corpore
2337 1963 2503 2000 naturae

95 2042 99 2045 “
169 2033 340 2087 quadam
370 2033 411 2074 vi
439 2033 604 2088 genitali
633 2034 792 2074 incendi
819 2039 860 2074 et
889 2034 1002 2087 quasi
1033 2032 1239 2085 procreari
1264 2033 1323 2087 ⁷).
1382 2032 1526 2073 Verius
1555 2039 1596 2073 et
1623 2031 1807 2072 subtilius
1845 2031 1987 2072 mentis
2017 2036 2198 2072 naturam
2227 2030 2405 2072 delinivit
2434 2031 2501 2083 qui

168 2106 414 2159 Empedocle
443 2106 516 2148 ruit
545 2112 675 2148 aetate
703 2108 830 2160 prior,
858 2107 1062 2161 disciplina
1093 2106 1293 2158 posterior
1319 2106 1588 2158 philosophus,
1617 2110 1893 2158 Anaxagoras,
1922 2112 2062 2146 auctor
2077 2105 2145 2146 ille
2175 2105 2311 2158 placiti
2340 2105 2504 2159 gravis-

168 2179 259 2221 simi
288 2179 342 2221 de
370 2185 504 2222 mente
532 2191 633 2232 pura
662 2185 702 2221 et
730 2179 914 2232 simplici,
942 2191 1043 2232 quae
1072 2178 1332 2233 intelligentia
1360 2190 1432 2219 sua
1461 2178 1642 2231 disponat
1665 2184 1807 2220 cuncta
1837 2185 1878 2218 et
1907 2179 2119 2232 gubernet.
2152 2178 2208 2218 At
2226 2179 2504 2231 Anaxagoras,

168 2259 214 2294 ut
243 2254 284 2293 in
316 2253 464 2295 ceteris
494 2253 639 2304 rebus,
675 2253 771 2306 quid
800 2252 959 2293 divinae
999 2253 1121 2293 menti
1157 2252 1410 2293 tribuendum
1439 2257 1571 2301 esset,
1608 2263 1749 2303 parum
1790 2252 2017 2304 perspexit,
2055 2252 2109 2293 ita
2148 2264 2225 2292 nec
2262 2253 2302 2292 in
2342 2252 2504 2291 humani

169 2327 290 2367 animi
319 2332 498 2367 naturam
528 2326 749 2367 studiosius
776 2326 994 2379 inquisivit,
1023 2338 1096 2367 nec
1125 2325 1175 2366 de
1205 2330 1311 2366 statu
1346 2330 1437 2377 post
1468 2330 1635 2366 mortem
1665 2336 1783 2365 secus
1808 2323 1894 2365 sere
1923 2336 1970 2364 ac
1999 2324 2152 2377 physici
2181 2325 2412 2376 superiores
2443 2320 2505 2363 vi-

168 2399 288 2442 detur
317 2399 494 2441 sensisse
510 2396 570 2454 ⁸).
625 2398 781 2441 Clarius
807 2405 848 2441 et
876 2398 1140 2442 confidentius
1170 2396 1220 2440 de
1250 2398 1323 2440 hac
1353 2410 1398 2439 re
1427 2396 1629 2440 disserere
1659 2397 1792 2450 coepit
1820 2396 2021 2449 Socrates,
2050 2409 2169 2451 quem
2198 2402 2354 2440 constat
2382 2401 2506 2439 totam

169 2472 443 2528 philosophiae
472 2471 716 2528 disciplinam
734 2484 756 2515 a
778 2478 942 2517 naturae
971 2473 1092 2516 rebus
1123 2470 1363 2516 absconditis
1391 2475 1433 2513 et
1463 2470 1631 2514 occultis
1650 2470 1699 2513 ad
1728 2471 1900 2514 animum
1916 2470 2242 2528 cognoscendum
2272 2481 2503 2513 revocasse.

330 2668 359 2710 ι)
372 2669 528 2702 Philolai
542 2668 665 2711 fragm.
679 2678 736 2712 ap.
750 2669 903 2702 Boeckh.
924 2679 958 2712 p.
977 2668 1061 2701 181.
1081 2669 1340 2713 μαριυρέονται
1359 2666 1398 2701 δὲ
1422 2669 1482 2700 καὶ
1512 2668 1549 2701 οἱ
1570 2669 1719 2701 παλαιοὶ
1745 2667 1916 2712 θεολόγοι
1936 2679 1971 2701 τε
1996 2670 2055 2701 καὶ
2075 2664 2239 2713 privitae,
2264 2667 2313 2705 αἱς
2328 2665 2393 2701 διά
2407 2681 2505 2705 τινας

323 2728 501 2772 τιμωρίας·
514 2724 538 2758 οἱ
552 2726 652 2771 ψυχὰ
665 2728 713 2770 τῷ
725 2724 865 2771 σώματι
878 2726 1104 2766 συνέζευκται
1116 2727 1175 2759 καὶ
1190 2724 1359 2771 καθάπερ
1373 2726 1414 2760 ἐν
1427 2724 1564 2771 σάματι
1587 2726 1695 2772 τούτῳ
1708 2728 1894 2761 τέθαπται.
1919 2728 2066 2761 Brendis
2079 2728 2099 2761 1
2118 2726 2178 2762 87.
2193 2725 2281 2762 495.
2295 2744 2343 2751 —-
2363 2722 2395 2769 ²)
2409 2728 2505 2770 Wyt-

322 2785 483 2819 tenbach.
510 2784 638 2828 opusc.
666 2785 706 2819 11
730 2795 765 2828 p.
797 2784 869 2819 190
897 2795 968 2829 sqq.
995 2786 1142 2819 Brendis
1167 2786 1187 2818 1
1216 2785 1302 2819 501.
1328 2786 1437 2819 Ritter
1457 2787 1537 2819 hist.
1564 2787 1691 2829 philos.
1717 2787 1904 2829 Pythagor.
1928 2786 2073 2820 216.—
2094 2785 2125 2828 ³)
2148 2787 2250 2829 Diog.
2278 2787 2392 2820 Laert.
2412 2786 2504 2820 VIII

324 2841 362 2877 4.
386 2845 446 2877 21.
475 2840 537 2877 41.
557 2858 607 2868 ·-
624 2840 656 2885 ⁸)
675 2845 836 2878 Karsten.
858 2845 1077 2888 Empedoclis
1098 2846 1259 2888 reliquiae
1276 2855 1312 2888 p.
1332 2845 1417 2879 509.
1445 2861 1494 2868 -
1517 2844 1547 2884 8)
1567 2847 1727 2880 Karsten.
1751 2857 1786 2888 p.
1808 2842 1894 2880 490.
1918 2847 2027 2880 Ritter
2045 2847 2069 2878 l.
2088 2847 2112 2879 l.
2142 2857 2177 2888 p.
2198 2845 2284 2879 216.
2304 2862 2353 2869 ——
2371 2840 2404 2885 ⁶)
2429 2846 2505 2879 Sto-

325 2903 433 2937 baaua
457 2902 703 2946 Empedoclem
728 2914 751 2937 a
775 2903 1002 2947 Pythagoreis
1028 2906 1237 2948 segregavit:
1274 2902 1515 2949 Πυθαγόρας,
1537 2902 1795 2950 Ἀναξαγόρας,
1824 2902 2001 2942 Πλάτων,
2029 2901 2270 2949 Ξενοκράιης,
2298 2902 2503 2946 Κλεάνθης,

324 2958 495 3006 θύραθεν
519 2962 768 3006 εἰς-κρίνεσθαι
792 2963 855 2996 ιόν
881 2966 979 2996 νοῦν.
1032 2961 1273 3007 Παρμενίδης
1308 2964 1366 2997 καὶ
1390 2960 1639 3008 Ἐμπεδοκλῆς
1672 2965 1731 2996 καὶ
1769 2961 1993 3008 Δημόκριτος
2028 2963 2157 2996 ταύτὸν
2188 2964 2274 3000 νοῦς
2308 2964 2369 2996 καὶ
2396 2965 2503 3006 ψυχὴ,

324 3019 412 3052 καθ’
439 3016 503 3056 οὓς
530 3018 639 3053 οὐδὲν
664 3018 710 3053 ἄν
737 3021 790 3061 εἴη
818 3021 910 3059 ζῶον
935 3010 1075 3065 &loyor
1100 3024 1241 3066 κυρίως.
1269 3022 1344 3055 Ecl.
1372 3023 1473 3064 phys.
1500 3023 1519 3056 1
1546 3023 1605 3062 51,
1632 3023 1652 3055 7
1680 3033 1714 3066 p.
1745 3022 1829 3057 790.
1855 3023 2015 3056 Karsten.
2042 3034 2077 3066 p.
2096 3019 2243 3057 498-
2263 3021 2294 3063 ⁷)
2324 3022 2500 3065 cf.1‚eop.

324 3077 494 3112 Schmidt.
522 3077 664 3119 Quaen.
677 3078 875 3121 Epicharm.
902 3079 1034 3113 dissert.
1060 3079 1171 3113 Bonn.
1203 3076 1300 3114 1846
1328 3091 1361 3123 p.
1391 3081 1451 3114 51.
1480 3080 1543 3115 Ovi
1569 3081 1654 3114 illud
1680 3081 1872 3125 exemplum
1899 3091 1942 3115 ex
1968 3083 2106 3116 vetustis
2125 3081 2354 3125 Orphicorum
2379 3086 2502 3123 myste-

324 3137 384 3169 riis
409 3137 574 3180 originem
587 3137 692 3170 duxit.
721 3137 939 3170 Cf.Lobeck.
953 3138 1130 3182 Aglaoph.
1147 3139 1166 3172 1
1193 3135 1281 3172 476.
1300 3154 1348 3162 -
1366 3133 1398 3181 ⁸)
1427 3139 1630 3172 Aristoteles
1657 3140 1697 3172 de
1724 3150 1779 3173 an.
1807 3140 1825 3173 1
1853 3140 1887 3179 2,
1916 3140 1949 3174 5.
1976 3141 2133 3174 Brendis.
2161 3140 2225 3173 l.l.
2253 3140 2273 3173 1
2299 3139 2385 3175 263.
2415 3138 2501 3173 267.

325 3195 510 3229 Steinhart.
538 3196 563 3229 l.
590 3196 614 3229 1.
641 3207 677 3239 p.
704 3195 791 3230 376.
