2744 3711
290 1250 302 1255 ’“
360 1235 667 1297 Antiquissimi
698 1242 850 1296 physici
872 1242 1015 1284 Graeci
1043 1255 1134 1284 cum
1163 1244 1203 1285 in
1234 1243 1546 1297 contemplandis
1574 1243 1655 1295 eis,
1685 1256 1786 1295 quae
1809 1243 1890 1302 'sub
1925 1256 2068 1285 sensus
2098 1243 2266 1296 cadunt,
2305 1243 2426 1284 rebus
2456 1250 2537 1286 tota

210 1322 343 1359 mente
371 1317 491 1359 defixi
521 1316 667 1369 primas
697 1316 909 1358 universae
939 1322 1104 1358 naturae
1132 1329 1292 1358 caussas
1321 1317 1360 1357 in
1390 1329 1471 1358 uno
1501 1316 1733 1370 pluribusve
1762 1317 1989 1370 posuissent
2027 1317 2162 1357 mundi
2190 1316 2421 1369 elementis,
2456 1318 2537 1358 vim

210 1391 341 1433 omnia
372 1396 597 1432 moventem
627 1395 744 1442 atque
773 1396 959 1443 agentem
988 1396 1202 1432 senserunt
1230 1390 1387 1443 quidem
1410 1391 1684 1443 'praestantius
1714 1390 1895 1444 quiddam
1927 1403 1974 1431 ac
2002 1391 2175 1431 divinius
2205 1402 2319 1442 esse,
2347 1390 2419 1431 sed
2449 1397 2535 1432 tan-

209 1471 292 1507 tum
323 1463 419 1505 afuit
459 1468 503 1504 ut
532 1475 617 1504 eam
650 1475 671 1503 a
701 1463 864 1504 materia
893 1469 1175 1515 secernerent,
1217 1469 1261 1505 ut
1289 1463 1338 1505 de
1366 1464 1439 1504 hac
1467 1476 1514 1505 re
1543 1464 1704 1505 omnino
1733 1475 1784 1504 ne
1812 1464 2014 1517 cogitasse
2041 1463 2201 1516 quidem
2234 1463 2445 1504 videantur
2480 1463 2536 1517 ¹).

207 1537 375 1579 Etiamsi
405 1542 537 1578 autem
560 1546 643 1577 nec
672 1536 722 1577 de
752 1536 912 1577 numine
941 1537 1075 1577 divino
1093 1548 1169 1577 nec
1198 1536 1249 1577 de
1278 1537 1500 1578 animorum
1529 1536 1819 1577 immortalitate
1848 1537 1924 1588 ipsi
1938 1535 2124 1578 videntur
2153 1536 2419 1587 addubitasse,
2449 1535 2565 1578 lieri·

209 1617 340 1652 tamen
372 1623 451 1652 non
482 1610 624 1663 potuit,
654 1610 748 1663 quin
782 1610 896 1651 novis
927 1610 1010 1651 suis
1039 1609 1193 1663 placitis
1223 1609 1423 1651 hominum
1453 1610 1683 1663 opiniones,
1713 1621 1792 1650 non
1822 1610 1909 1651 illas
1939 1610 2119 1661 doctrina
2149 1609 2288 1662 factas,
2317 1610 2390 1652 sed
2420 1622 2538 1652 men-

208 1684 314 1726 tibus
344 1685 497 1724 innatas
526 1690 566 1724 et
595 1696 647 1724 ex
677 1683 951 1736 antiquissimo
990 1689 1169 1736 tempore
1197 1696 1286 1724 cum
1317 1685 1534 1738 magnificis
1564 1690 1769 1736 poetarum
1799 1685 1926 1726 effatis
1955 1691 2037 1726 tum
2068 1685 2351 1738 mysteriorum
2380 1685 2538 1726 arcanis

207 1757 385 1809 proditas
416 1769 461 1796 ac
491 1756 665 1803 firmatas
695 1756 809 1796 valde
838 1756 1121 1797 labefactarent
1139 1755 1197 1810 ²).
1250 1758 1364 1806 Quod
1394 1758 1577 1806 damnum
1607 1769 1701 1798 mox
1726 1757 1840 1797 valde
1869 1765 2027 1800 auctum
2057 1763 2142 1809 est,
2181 1770 2272 1798 cum
2293 1756 2538 1810 'philosophi

205 1831 445 1880 existerent,
494 1831 561 1881 qui
591 1829 688 1869 solis
719 1831 848 1868 omnia
878 1830 990 1883 gigni
1020 1829 1256 1881 corporibus
1287 1829 1433 1881 opinati
1462 1830 1543 1870 vim
1573 1829 1744 1870 divinam
1774 1835 1923 1871 tantum
1954 1842 2032 1871 non
2063 1829 2189 1883 palam
2219 1841 2376 1870 omnem
2407 1841 2538 1885 nega-

207 1911 299 1945 rent
329 1905 612 1955 hominumque
641 1904 801 1946 animos,
824 1904 993 1944 diversis
1024 1904 1215 1944 materiae
1245 1903 1448 1954 particulis
1479 1903 1672 1945 conflatos
1702 1909 1831 1943 morte
1862 1904 2025 1944 dissolvi
2065 1910 2105 1944 et
2135 1903 2246 1943 velut
2274 1903 2459 1944 nebulam
2491 1915 2538 1943 ac

208 1961 565 2017 fumum-exhalari
595 1976 714 2027 inque
742 1978 876 2016 aerem
907 1975 1084 2028 dispergi
1114 1974 1361 2017 declararent
1378 1974 1435 2030 ³).
1472 1975 1514 2016 in
1546 1976 1604 2016 eis
1635 1988 1733 2017 vero
1763 1977 2021 2030 philosophis,
2051 1978 2119 2030 qui
2151 1982 2192 2017 et
2222 1976 2273 2017 de
2301 1982 2444 2018 natura
2472 1975 2539 2017 di·

208 2050 299 2089 vina
329 2054 370 2089 et
399 2049 449 2090 de
469 2048 639 2089 hominis
668 2053 779 2089 sorte
808 2048 940 2089 sutura
960 2048 1164 2089 sublimius
1185 2049 1410 2103 cogitarunt
1430 2044 1581 2102 suaque
1600 2049 1805 2103 disciplina
1824 2050 2067 2103 antiquitatis
2087 2050 2310 2092 testimonia
2330 2053 2539 2093 sustenta-

206 2130 321 2175 runt,
362 2122 562 2175 principes
602 2122 829 2163 nominandi
867 2129 958 2164 sunt
997 2123 1247 2177 Pythagorei.
1316 2123 1365 2163 Hi
1402 2124 1505 2164 enim
1546 2125 1584 2164 in
1625 2136 1779 2165 morum
1818 2123 2024 2177 disciplina
2064 2124 2295 2178 diligentius
2337 2122 2455 2176 quam
2496 2123 2536 2164 in

206 2203 371 2238 naturae
391 2195 665 2248 exploratione
686 2195 833 2236 versati
853 2207 942 2235 cum
971 2195 1046 2236 hoc
1064 2196 1278 2249 praecipue
1295 2202 1505 2247 curarent,
1531 2203 1574 2239 ut
1592 2209 1664 2250 spe
1683 2197 1878 2239 moriendi
1905 2196 2069 2239 meliore
2096 2197 2304 2239 meliorem
2323 2195 2537 2238 efficerent

207 2271 402 2312 rationem
432 2269 617 2321 vivendi,
646 2268 889 2322 praeclaram
917 2268 1021 2309 illam
1051 2269 1286 2310 sententiam
1317 2270 1647 2321 pronuntiarunt,
1689 2271 1841 2311 animos
1871 2270 2062 2311 humanos
2101 2282 2153 2311 ex
2183 2269 2371 2310 universa
2401 2273 2537 2310 mente

208 2344 341 2385 divina
371 2342 563 2384 delibatos
601 2342 641 2383 in
671 2342 744 2383 hac
774 2342 853 2383 vita
883 2344 1052 2384 humana
1081 2342 1295 2395 sapientiae
1332 2354 1377 2383 ac
1406 2343 1567 2385 virtutis
1606 2343 1737 2384 studio
1766 2343 1815 2385 ad
1856 2343 1921 2385 dei
1950 2342 2248 2399 similitudinem
2287 2354 2380 2383 esse
2409 2341 2538 2395 perfi-

208 2417 373 2457 ciendos
387 2415 443 2465 4).
502 2415 563 2455 Ac
594 2416 833 2468 Pythagorei
865 2416 980 2467 primi
1009 2416 1089 2455 vim
1129 2415 1270 2456 mentis
1299 2415 1333 2456 si
1361 2426 1442 2456 non
1472 2415 1589 2468 plane
1617 2415 1834 2470 seiungere
1864 2428 1886 2456 a
1915 2416 2091 2465 materia,
2122 2421 2160 2456 at
2190 2413 2357 2455 definire
2386 2413 2536 2455 certius

208 2489 489 2540 notionemque
520 2488 606 2527 eius
635 2487 765 2528 animo
796 2487 990 2541 effingere
1020 2493 1253 2540 coeperunt.
1304 2487 1353 2528 Ut
1380 2488 1485 2528 enim
1518 2489 1726 2530 universas
1756 2500 1823 2529 res
1854 2489 1901 2529 ad
1932 2499 2120 2529 numeros
2149 2493 2391 2528 revocarunt
2420 2497 2557 2527 com-·

172 2612 177 2616 .
209 2562 382 2614 ponique
413 2567 656 2601 censuerunt
684 2559 850 2612 quadam
880 2550 1104 2612 harmonia,
1143 2562 1194 2602 ita
1224 2554 1393 2601 animum
1424 2561 1666 2602 harmoniam
1700 2562 1883 2615 corporis
1913 2561 2158 2615 appellarunt
2184 2559 2239 2613 ⁵).
2289 2560 2532 2612 Quamquam

366 2701 394 2743 ¹)
437 2701 492 2734 Cs.
521 2700 746 2733 Steinhartius
779 2702 813 2733 in
849 2703 986 2742 egregia
1020 2703 1316 2742 commentatione,
1355 2712 1456 2743 quam
1490 2703 1644 2744 praefixit
1679 2703 1834 2735 Platonis
1870 2701 2046 2734 Phaedoni
2080 2701 2114 2732 in
2141 2700 2232 2732 Plat.
2260 2698 2352 2741 Opp.
2380 2710 2533 2734 convers.

364 2761 407 2794 ab
434 2760 572 2793 Hieron.
600 2760 771 2794 Muellero
797 2761 862 2794 vol.
891 2761 945 2794 IV
971 2772 1005 2803 p.
1034 2761 1121 2795 375.
1140 2778 1188 2785 —
1204 2761 1236 2802 ²)
1264 2762 1449 2793 Praeclara
1475 2763 1516 2793 dc
1544 2763 1749 2804 antiquitatis
1775 2762 1931 2803 opinione
1957 2760 2061 2791 verba
2087 2764 2163 2790 sunt
2191 2757 2365 2791 Ciceronis
2392 2759 2534 2791 dicentis

364 2821 537 2862 homineS,
573 2830 639 2863 quo
666 2821 806 2864 propius
834 2821 877 2854 ab
905 2826 980 2855 ortu
1010 2827 1043 2855 et
1068 2822 1180 2855 divina,
1205 2821 1363 2864 progenie
1390 2820 1572 2863 afuissent,
1604 2832 1644 2855 eo
1671 2822 1817 2864 aptiores
1843 2819 1948 2853 fuisse
1975 2820 2019 2853 ad
2044 2828 2124 2852 vera
2150 2818 2330 2851 cernenda..
2383 2818 2486 2852 Tusc.
2516 2818 2534 2851 1

366 2881 423 2921 12,
450 2879 510 2914 26.
563 2881 671 2922 Legg.
699 2881 737 2913 11
770 2882 824 2921 11,
852 2881 912 2914 27.
964 2882 1018 2914 De
1045 2882 1276 2914 vetustissimis
1303 2880 1527 2923 Orphicorum
1561 2886 1594 2913 et
1620 2885 1794 2923 poetarum
1822 2879 2031 2913 Graecorum
2067 2877 2239 2911 sententiis
2273 2877 2349 2910 vide
2375 2877 2532 2911 Brandis.

363 2942 441 2972 hist.
468 2940 592 2982 philos.
620 2951 732 2981 graec.
761 2941 779 2973 1
807 2952 840 2983 p.
871 2941 932 2974 86.
973 2942 1158 2975 Steinhart.
1185 2942 1209 2973 l.
1237 2942 1260 2973 1.
1287 2951 1321 2983 p.
1349 2939 1436 2973 373.
1465 2956 1513 2962 —
1542 2939 1572 2981 ³)
1601 2940 1657 2973 Cf.
1683 2941 1893 2972 Mullachius
1919 2938 2319 2978 Democritissbderitae
2344 2937 2536 2979 fragmenta

359 3010 395 3040 p.
428 2997 511 3032 161.
539 2996 625 3032 412.
654 3000 809 3032 Brandis.
837 3000 861 3032 1.
889 3001 913 3032 l.
943 3001 961 3032 1
987 3012 1021 3042 p.
1051 3000 1136 3033 338.
1163 3017 1210 3023 —
1232 2996 1265 3043 ⁴)
1295 3000 1366 3032 Cic.
1393 3001 1435 3031 de
1463 3006 1586 3032 senect.
1614 3010 1643 3032 c.
1674 3000 1733 3033 21.
1770 2999 1936 3032 Stobaeus
1962 2999 2083 3039 Eclog.
2111 2998 2180 3030 eth.
2208 3007 2244 3038 p.
2273 2993 2323 3028 64
2350 3007 2422 3039 sqq.
2449 2997 2535 3028 Σω-

364 3057 508 3102 κράτης,
544 3056 723 3096 Πλάτων,
758 3056 863 3092 ταύτὰ
890 3063 936 3102 τῷ
963 3058 1186 3103 Πυθαγόρᾳ,
1220 3061 1315 3095 τέλος
1342 3057 1518 3103 ὁμοίωσιν
1544 3061 1690 3092 θεοῦ...
1742 3060 1900 3091 Brandis.
1928 3060 2008 3091 hist.
2034 3058 2120 3101 phil.
2148 3057 2166 3088 1
2191 3066 2225 3098 p.
2255 3052 2341 3089 488.
2369 3052 2456 3088 494.
2486 3071 2534 3077 —

366 3115 397 3157 ⁵)
430 3117 583 3149 Macrob.
619 3118 654 3149 in
681 3117 795 3150 Somn.
824 3118 915 3159 Scip.
943 3119 962 3149 1
995 3109 1060 3149 14.'
1105 3119 1207 3150 Plato
1241 3119 1324 3149 dixit
1355 3118 1501 3149 animam
1529 3119 1709 3151 essentiam
1747 3128 1782 3150 se
1808 3122 2013 3157 moventem,
2047 3117 2257 3149 Xenocrates
2292 3124 2469 3146 numerum
2499 3124 2535 3146 se

363 3183 567 3215 moventem,
598 3176 802 3209 Aristoteles
836 3175 1067 3219 ἐντελέχειαν,
1094 3177 1308 3218 Pythagoras
1335 3182 1367 3208 et
1394 3177 1573 3208 Philolaus
1608 3178 1830 3209 harmoniam.
1885 3178 2042 3208 Brandis.
2070 3177 2094 3208 1.
2122 3176 2146 3206 l.
2175 3174 2194 3206 1
2219 3171 2307 3205 488.
2362 3173 2536 3205 Steinhart

363 3233 387 3266 1.
416 3234 439 3267 l.
467 3245 498 3276 p.
527 3234 612 3269 377.

2204 3298 2225 3332 2
