2744 3711
1219 244 1478 285 ,9.-

194 372 378 416 animalis
408 384 565 426 corpus·
595 373 865 415 continentem
894 379 947 415 >et
982 371 1221 416 formantem
1240 372 1316 429 ¹)3·
1346 386 1495 428 corpus
1534 374 1583 416 ad
1612 357 1732 416 vitam
1770 380 1904 416 natum
1944 379 1985 415 et
2021 380 2101 416 tam
2140 379 2232 427 apte
2274 373 2513 414 instructum

183 456 298 499 eae,
336 456 417 500 quo
446 451 632 499 ωηιξη
659 445 924 490 instrumento
951 458 1028 489 suo
1056 451 1242 491 uteretur
1269 446 1397 490 anima
1421 444 1481 503 ²).
1540 445 1677 502 ltaque
1704 446 1874 489 animam
1911 451 1954 489 et
1990 457 2139 500 corpus
2177 445 2393 488 coniuncta
2421 449 2513 487 tan-

183 530 300 573 quam
328 529 451 563 unum
484 517 670 572 quiddam
700 529 754 561 ae
777 523 904 563 totum
920 519 1154 570 constitum
1170 520 1364 564 :animam
1393 519 1574 564 distinxit
1600 519 1759 575 quidem
1785 532 1808 563 a
1833 531 2006 575 corpore
2043 526 2089 564 ut
2114 525 2267 574 partem
2296 517 2513 574 potiorem,

183 592 256 637 sed
284 592 452 637 eandem
480 590 582 637 dixit
610 604 700 636 cum
731 599 845 638 certo
871 605 1032 648 semper
1061 606 1138 639 suo·
1163 596 1339 640 iunctam
1367 607 1460 653 esse
1488 605 1676 650 corpore,
1698 607 1729 643 a
1748 606 1828 649 quo
1844 604 2088 639 reveranon
2104 599 2241 647 posset
2258 591 2511 648 seponi-v).

183 667 435 722 Quapropter
463 666 719 721 comparavit.
736 676 823 709 cain
853 676 943 709 cum
972 667 1102 723 ligura
1130 678 1252 713 cerae
1280 669 1487 724 impressa,
1516 679 1611 712 cum
1635 668 1793 713 securis
1812 668 1853 712 vi
1882 666 2059 729 secandi,
2086 665 2263 721 denique
2284 675 2386 709 cunr
2403 663 2513 709 oeuli

184 741 224 780 vi
252 746 372 794 atque
401 741 487 781 acie
517 741 729 790 cernendi;
758 741 833 782 hac
862 742 969 782 oculi
998 742 1126 783 anima
1141 743 1308 786 ‘sublata
1326 743 1450 798 perdi
1477 742 1678 796 propriam
1707 742 1814 784 oculi
1842 739 2092 796 naturam‘t).
2123 739 2259 793 ltaque
2272 739 2513 782 Aristoteles

183 813 330 856 acriori
358 813 612 856 animantium
642 813 1118 859 naturae'observatione
1147 815 1292 861 ductus
1320 803 1528 861 humanam
1556 816 1725 860 ariimam
1739 814 1867 859 vinxit
1896 826 1987 857 cum
2018 824 2193 869 corpore
2219 816 2361 857 nostro
2391 812 2512 856 artis-

184 887 295 927 sime.
355 887 647 940 Reprehendit,
683 887 790 938 quod
819 887 1081 941 Pythagoreis
1109 896 1150 932 et
1179 890 1332 931 Platoni
1360 890 1588 943 placuerat,
1621 890 1771 931 animas
1800 889 1991 929 humanas
2019 885 2219 940 quaelibet
2247 895 2417 938 corpora
2444 885 2512 925 in-

183 960 310 1001 duere
324 965 365 1001 et
393 968 445 1001 ex
475 960 552 1001 alio
568 960 608 1001 in
640 959 746 1001 aliud
766 971 912 1013 corpus
942 962 1117 1017 migrare
1129 962 1186 1019 ⁵).
1204 990 1206 992 v
1222 963 1451 1018 Eademque
1479 964 1633 1006 ratione
1649 962 1801 1011 reiecit,
1819 961 1927 1015 quod
1948 960 2074 1000 ceteri
2092 959 2246 1013 physici
2276 964 2511 1011 statueram,

184 1033 417 1075 universum
433 1038 474 1074 et
493 1033 577 1084 ipsa
602 1032 798 1074 elementa
823 1043 915 1075 esse
933 1035 1112 1077 animata.
1152 1037 1324 1090 Opponit
1352 1037 1429 1078 illis
1449 1049 1538 1078 curn
1559 1037 1636 1078 alia
1663 1043 1745 1077 tum
1760 1036 1872 1086 haec,
1893 1034 1927 1075 si
1948 1033 2140 1087 principia
2161 1033 2246 1085 ipsa
2264 1037 2401 1072 essent
2420 1030 2512 1071 ani-

184 1110 299 1158 mata,
330 1118 410 1148 non
445 1118 565 1158 posse
603 1106 722 1147 ullam
761 1119 847 1148 rem
877 1119 969 1149 esse
1010 1109 1220 1151 inanimam
1232 1109 1301 1165 ⁶);
1342 1122 1418 1152 nec
1445 1111 1635 1165 intelligi,
1665 1121 1739 1150 cur
1766 1108 2029 1149 animantibus
2067 1106 2173 1147 aliud
2202 1105 2268 1146 alii
2297 1104 2510 1157 praecipue

183 1178 314 1222 datum
334 1176 412 1230 sit,
425 1178 503 1221 'alia
525 1191 598 1220 nec
617 1185 853 1221 moveantur
873 1192 947 1223 nec
967 1183 1152 1234 sentiant,
1178 1183 1252 1225 alia
1268 1191 1399 1226 mente
1418 1189 1581 1226 careant
1600 1195 1674 1225 nec
1694 1183 1904 1236 quicquam
1923 1179 2217 1234 intelligant⁷);
2243 1178 2417 1231 denique
2435 1188 2510 1218 cur

184 1263 381 1306 nunquam
412 1249 568 1306 insipso
599 1257 692 1294 aere
722 1260 789 1296 aut
819 1255 902 1309 igni
931 1256 1107 1298 animans
1137 1257 1328 1311 gignatur
1345 1253 1402 1312 ⁸).
1453 1247 1522 1300 illa
1552 1268 1651 1299 vero
1681 1256 1834 1298 animae
1861 1260 1903 1297 et
1933 1254 2117 1307 corporis
2146 1252 2415 1294 consensione
2443 1251 2510 1293 in·

184 1326 357 1380 timeque
374 1328 481 1371 vitae
511 1327 805 1369 necessitudine
835 1329 1047 1371 constituta
1075 1330 1163 1372 fieri
1192 1342 1272 1372 non
1300 1331 1439 1383 potuit,
1470 1331 1565 1384 quin
1584 1330 1826 1373 Aristoteles
1849 1339 2014 1382 magnas
2035 1327 2232 1369 excitaret
2260 1325 2511 1368 difficultates

183 1399 223 1441 in
254 1400 400 1443 mentis
429 1405 569 1443 natura
598 1400 839 1450 definienda;
878 1413 995 1454 quam
1025 1408 1175 1455 partem
1214 1417 1293 1446 non
1324 1411 1367 1447 ut
1395 1404 1562 1446 animam
1591 1403 1754 1456 corpori
1795 1401 2010 1443 immixtam
2051 1399 2123 1442 sed
2157 1387 2379 1453 simplicem
2420 1410 2511 1440 esse

184 1471 309 1514 voluit
338 1478 379 1514 et
407 1473 527 1515 totius
557 1473 708 1515 animae
737 1474 935 1516 dominam
964 1475 1169 1528 solamque
1198 1476 1458 1519 immortalem
1470 1477 1530 1533 ⁹).
1562 1476 1619 1518 De
1648 1477 1719 1517 hac
1742 1480 1852 1529 parte
1883 1474 2033 1528 pariter
2061 1485 2108 1514 ac
2137 1472 2187 1514 de
2217 1478 2350 1513 mente
2378 1471 2511 1512 divina

184 1545 280 1587 illud
310 1546 467 1598 quidem
486 1546 667 1588 subtilius
686 1559 804 1599 quam
821 1548 967 1589 clarius
987 1549 1216 1602 disputavit,
1245 1555 1410 1604 tangere
1428 1563 1514 1591 eam
1532 1556 1572 1592 et
1593 1560 1756 1590 movere
1775 1560 1850 1589 nec
1870 1548 1995 1599 ipsam
2025 1546 2133 1599 tangi
2163 1550 2232 1606 ant
2260 1543 2415 1585 moveri
2434 1542 2511 1596 ¹⁰).

185 1617 269 1660 Nec
289 1618 419 1660 minus
438 1619 635 1662 subtiliter
656 1619 842 1662 disseruit
862 1620 912 1662 de
932 1634 978 1662 ea
999 1622 1167 1674 ratione,
1197 1634 1274 1676 qua
1301 1635 1411 1664 mens
1432 1635 1523 1664 cum
1552 1622 1680 1664 anima
1700 1627 1818 1673 atque
1843 1631 2015 1672 corpore
2045 1624 2106 1660 est
2133 1618 2362 1659 coniuncta:
2393 1615 2513 1657 modo

342 1740 370 1782 ¹)
399 1746 453 1778 De
481 1755 534 1779 an.
563 1747 602 1778 11
632 1747 662 1787 1,
690 1744 724 1780 4.
753 1744 795 1788 4,
821 1747 856 1780 3.
885 1743 908 1779 4
948 1749 968 1781 5
998 1746 1104 1781 δοκεῖ
1127 1749 1197 1794 γὰρ
1223 1746 1428 1782 τούναντίον
1452 1749 1591 1795 μᾶλλον
1618 1747 1637 1790 ἦ
1666 1748 1761 1793 xpum*
1787 1747 1826 1781 τὰ
1853 1748 1959 1792 σῶμα
1986 1746 2160 1790 συνέχειν.
2189 1741 2401 1784 ἐξελθούσης
2426 1744 2515 1788 γοῦν

343 1803 553 1837 διαπνεῖται
580 1808 640 1837 καὶ
668 1804 826 1846 σήπεται.
855 1808 873 1839 Ι
901 1808 933 1847 5,
962 1805 1021 1840 24.
1039 1802 1133 1848 —²)
1160 1809 1215 1841 De
1242 1819 1295 1843 an.
1323 1809 1359 1841 II
1390 1809 1420 1848 l,
1449 1808 1484 1842 6.
1516 1809 1549 1848 2,
1580 1804 1636 1840 14.
1666 1804 1705 1846 4,
1732 1803 1766 1838 4.
1795 1807 1813 1838 Ι
1840 1805 1873 1844 3,
1901 1804 1948 1836 23
1970 1804 2015 1836 cf.
2043 1805 2154 1836 Riese.
2174 1801 2515 1835 Philos.·Arisvot.11

344 1862 404 1896 96.
435 1879 482 1886 —
512 1863 543 1904 ³)
571 1865 623 1896 Ib.
651 1866 690 1897 ΙΙ
717 1865 752 1904 2,
783 1862 847 1896 14:
901 1867 959 1897 καὶ
988 1864 1051 1897 διὰ
1076 1868 1175 1899 τοῦτο
1203 1868 1317 1903 καλῶς
1344 1866 1645 1912 ὑπολαμβάνουσι
1674 1860 1730 1902 οἷς
1757 1864 1862 1898 δοκεῖ
1892 1863 1970 1908 μήτ’
1998 1861 2085 1895 ἄνευ
2110 1862 2277 1907 σώματος
2303 1859 2398 1894 Εἶναι
2424 1860 2512 1904 μῆῐέ

342 1918 449 1965 σῶμά
482 1933 514 1953 τι
541 1920 561 1962 ἧ
587 1920 692 1965 ψυχή.
729 1924 836 1966 σῶμα
868 1923 940 1967 μὲν
965 1924 1035 1968 γὰρ
1063 1923 1126 1957 οὐκ
1152 1924 1226 1965 lca,
1255 1923 1419 1969 σώματος
1447 1922 1489 1958 δέ
1512 1936 1607 1959 τι...
1645 1940 1694 1948 --
1726 1920 1759 1965 ‘⁴)
1795 1925 1847 1957 Ib.
1875 1925 1913 1957 11
1944 1924 1983 1963 1,
2023 1922 2055 1956 7.
2084 1922 2119 1956 9.
2150 1922 2213 1955 11:
2242 1917 2317 1953 ἄλλ’
2344 1917 2466 1961 ὥςπερ
2493 1915 2514 1951 ὁ

346 1977 542 2025 ὀφθαλμός
576 1979 595 2022 ἦ
630 1979 714 2025 κόρη
752 1982 811 2014 καὶ
838 1980 858 2023 ἤ
886 1981 991 2026 ὄψις,
1028 1981 1175 2025 κᾶκεῖῆ
1203 1984 1298 2028 ψυχῇ
1337 1984 1394 2016 καὶ
1429 1983 1468 2017 τό
1505 1985 1611 2028 σῶμα
1643 1984 1681 2016 τὸ
1708 1983 1812 2028 ζῷον.
1867 1979 1921 2015 ὅτι
1958 1980 2029 2027 μὲν
2069 1976 2133 2023 οὖν
2170 1979 2234 2014 οὐκ
2259 1978 2335 2016 ἔςιν
2372 1976 2391 2019 ἡ
2419 1977 2514 2021 Ψυχὴ

340 2039 476 2082 χωριςή
502 2040 565 2071 τοῦ
592 2038 768 2084 σώματος,
798 2038 818 2081 ἧ
843 2043 935 2086 μέρη
962 2043 1041 2074 τινὰ
1070 2040 1184 2083 αὐτῆς,
1212 2043 1246 2075 εἰ
1268 2043 1394 2088 μεριςὴ
1421 2044 1597 2086 πέφυκεν,
1624 2040 1688 2075 οὐκ
1715 2039 1858 2081 ἄδηλον.
1897 2057 1945 2064 -
1981 2040 2010 2080 ⁵)
2046 2040 2101 2073 De
2127 2050 2181 2073 an.
2210 2039 2248 2072 11
2276 2039 2310 2079 2,
2350 2033 2408 2069 14·
2435 2036 2455 2069 Ῑ
2481 2035 2516 2075 3,

344 2095 404 2129 22.
433 2096 502 2130 23:
533 2097 568 2130 οἱ
596 2096 637 2130 δὲ
664 2097 784 2142 μόνον
811 2099 1040 2142 ἐπιχειροῦσι
1066 2101 1184 2144 λέγειν
1211 2099 1322 2132 ποῖόν
1347 2111 1380 2132 τι
1406 2101 1424 2141 ἧ
1453 2099 1566 2144 ψυχή,
1603 2101 1687 2144 περὶ
1722 2098 1763 2131 δὲ
1791 2103 1850 2131 τοῦ
1885 2097 2079 2143 δεξομένου
2117 2097 2284 2142 σώματος
2321 2093 2434 2128 ου’θὲν
2463 2094 2515 2126 ἔτι

354 2153 681 2200 προςδιορίζουσιν,
717 2153 837 2201 ὥςπερ
865 2154 1110 2202 ἐνδεχόμενον
1136 2158 1194 2192 καὶ
1232 2158 1312 2196 τούς
1338 2157 1623 2203 Πυθαγορικοῠς
1653 2155 1797 2203 μύθους
1821 2158 1882 2198 τήν
1907 2159 2081 2200 τυχοῦσαν
2107 2157 2226 2200 ψυχήν
2252 2155 2306 2192 εἰς
2342 2154 2382 2188 τὰ
2408 2152 2517 2196 τυχὸν

347 2210 547 2247 ἐνδύεσθαι
583 2215 700 2261 σῶμα.
748 2215 791 2248 cf.
822 2214 1113 2260 Trendelenburg.
1150 2218 1184 2250 in
1210 2226 1347 2250 comm:
1386 2217 1553 2261 „Egregie
1586 2227 1667 2251 sane
1697 2217 1900 2251 individuam
1926 2217 2014 2250 vitae
2048 2215 2328 2250 necessitudinem
2353 2219 2388 2247 et
2413 2212 2518 2247 animi

352 2275 573 2316 corporisque
600 2285 799 2307 consensum
825 2276 868 2307 ab
895 2276 969 2318 ipso
986 2277 1130 2309 Platone
1156 2277 1345 2318 neglectum
1370 2271 1610 2319 tetigit.“—⁶)
1639 2278 1693 2310 Ib.
1708 2278 1727 2310 Ι
1750 2277 1783 2317 5,
1811 2277 1845 2310 9.
1878 2277 1942 2309 11:
1970 2274 2059 2313 ὅλως
2083 2286 2119 2309 τε
2147 2274 2213 2308 διὰ
2237 2272 2425 2308 τινάἰτίαν
2452 2270 2520 2313 οὐχ

345 2329 491 2365 ἅπαντα
519 2336 636 2377 ψυχὴν
662 2335 737 2378 ἔχει
764 2336 805 2367 τὰ
832 2333 937 2374 ὄντα,
974 2334 1102 2376 ἐπειδὴ
1129 2339 1206 2369 πᾶν
1231 2333 1251 2377 ἢ
1277 2338 1452 2379 στοιχεῖον
1477 2333 1498 2377 ἧ
1523 2335 1563 2369 ἐκ
1589 2338 1766 2379 στοιχείου
1791 2333 1874 2372 ἑνὸς
1900 2332 1920 2375 ἧ
1947 2333 2127 2369 πλειόνων
2153 2333 2173 2376 ἢ
2201 2333 2361 2367 πάντων.
2402 2348 2445 2355 -
2486 2329 2516 2371 ⁷)

346 2391 400 2423 Ib.
423 2391 466 2424 13
487 2403 495 2424 t
523 2395 691 2436 φαίνεται
716 2393 787 2438 γὰρ
815 2392 856 2427 τά
883 2404 918 2427 τε
941 2394 1036 2438 (puni
1063 2395 1124 2436 ζῆν
1151 2392 1193 2429 οὐ
1215 2396 1407 2440 μετέχοντα
1420 2396 1538 2439 φορᾶς
1565 2393 1644 2428 οὐδ’
1657 2380 1872 2435 αἰσθήσεως,
1899 2396 1959 2427 καὶ
1985 2397 2054 2427 τῶν
2077 2392 2177 2439 ζῴων
2203 2393 2320 2426 πολλοὶ
2347 2389 2521 2424 διάνοιαν

348 2447 412 2480 οὐκ
439 2449 549 2492 ἔχειν.
588 2468 634 2474 -
673 2446 704 2493 ⁸)
732 2454 784 2485 Ib.
827 2453 890 2484 17:
919 2454 978 2485 καὶ
1006 2452 1046 2485 ἐν
1071 2456 1117 2497 τῷ
1155 2451 1223 2498 ὅλῳ
1250 2451 1294 2485 δέ
1317 2461 1410 2489 τινες
1435 2451 1542 2493 αὐτὴν
1567 2455 1754 2498 μεμῖχθαὶ
1779 2461 1913 2495 φασιν,
1948 2450 2037 2486 ὅθεν
2064 2453 2152 2489 ἴσως
2186 2453 2244 2485 καὶ
2274 2451 2388 2492 Θαλῆς
2421 2446 2518 2492 φ’ἠθη

346 2506 466 2540 πάντα
493 2507 606 2554 πλήρη
633 2512 733 2544 θεῶν
758 2509 864 2545 εἶναι.
899 2513 999 2545 τοῦτο
1027 2509 1060 2544 δ’
1087 2511 1162 2555 ἔχει
1187 2513 1287 2548 τινὰς·
1313 2507 1482 2556 α’πορίας.
1534 2510 1599 2544 διὰ
1625 2515 1704 2545 τίνα
1729 2513 1801 2557 γὰρ
1828 2514 1945 2545 αἰτίαν
1970 2511 2011 2544 ἐν
2036 2510 2108 2555 μὲν
2133 2512 2180 2554 τῷ
2206 2509 2286 2553 ἀέρι
2311 2506 2332 2548 η’
2357 2511 2405 2551 τῷ
2430 2508 2518 2549 πυρὶ

348 2560 438 2598 οὖσα
464 2565 483 2607 ἦ
507 2570 601 2611 ψυχή
630 2566 672 2601 ου’
698 2573 802 2601 ποιεῖ
826 2570 930 2614 ζῴον,
958 2569 998 2602 ἐν
1025 2568 1066 2603 δὲ
1093 2574 1170 2607 τοῖς
1193 2573 1393 2615 μικτοῖς...
1446 2570 1485 2602 11
1512 2566 1546 2612 4,
1574 2570 1609 2604 8.
1652 2571 1711 2604 Ad
1736 2572 1821 2604 haec
1847 2572 1914 2604 iam
1940 2570 2142 2603 monendum
2170 2573 2221 2601 est
2246 2569 2358 2611 ipsum
2384 2566 2518 2599 Aristo-

351 2624 453 2667 teJem
479 2628 609 2660 aetheri
635 2635 668 2662 et
695 2629 775 2662 solis
802 2630 907 2662 calori
932 2631 1115 2662 maximam
1139 2630 1296 2662 tribuisse
1322 2627 1507 2661 efficaciam
1533 2630 1578 2661 ad
1603 2630 1798 2662 animalium
1822 2631 1924 2661 vitam
1940 2629 2138 2660 fovendam.
2160 2628 2202 2659 de
2227 2636 2304 2668 gen.
2332 2627 2433 2658 anim.
2461 2624 2520 2656 111

342 2683 411 2716 2112
429 2684 593 2729 Γίγνεται
610 2685 687 2719 δ’ἔν
699 2689 745 2733 γῇ
761 2689 819 2720 καὶ
839 2687 936 2733 ὑγρῷ
949 2687 991 2720 u?
1005 2688 1077 2726 ζῶα
1089 2689 1149 2720 καὶ
1164 2688 1207 2720 ui
1220 2684 1330 2731 φυτά,
1354 2684 1417 2718 did
1429 2688 1467 2719 τὸ
1482 2686 1521 2720 ἐν
1535 2686 1662 2733 γῇμὲν
1681 2686 1859 2731 ὑπάρχειν
1872 2684 1997 2731 ὑγρόν,
2013 2686 2054 2718 ἐν
2067 2683 2209 2718 δ’ὓδατι
2232 2686 2393 2730 πνεῦμα,
2416 2683 2456 2716 ἐν
2477 2680 2517 2714 δὲ

345 2743 393 2784 τῷ
408 2744 514 2775 παντὶ
533 2743 732 2789 θερμότητα
746 2744 911 2789 ψυχικήν.
927 2745 976 2782 ὦς
994 2743 1132 2790 τρόπον
1143 2746 1223 2778 τινὰ
1243 2743 1360 2777 πάντα
1374 2746 1489 2788 Ψυχῆς
1504 2743 1601 2778 εἶναι
1617 2744 1742 2790 πλήρη.
1760 2747 1801 2778 de
1810 2756 1864 2778 an.
1875 2746 1913 2777 ΙΙ
1929 2742 1972 2777 4:
1990 2742 2051 2778 διὸ
2065 2746 2141 2777 πᾶν
2155 2743 2323 2788 ἔμψυχον
2337 2741 2412 2786 ἔχει
2426 2743 2520 2785 θερ-

347 2799 492 2846 μότητα.
547 2804 591 2837 cs.
620 2804 846 2838 Trendelenb.
873 2816 992 2839 comm.
1019 2816 1054 2849 p.
1087 2804 1169 2840 153.
1197 2805 1311 2848 Atque
1336 2815 1468 2838 omnem
1495 2805 1641 2838 animam
1666 2810 1816 2838 nostram
1841 2805 2016 2848 ipsamque
2041 2810 2188 2838 mentem
2209 2803 2411 2847 participem
2437 2801 2522 2834 dixit

349 2860 507 2894 elementi
534 2865 709 2897 cuiusdam
734 2865 917 2906 divinioris,
943 2865 1092 2898 aetherei
1118 2865 1187 2897 sive
1213 2864 1359 2897 astralis.
1385 2864 1427 2896 de
1448 2873 1524 2906 gen.
1553 2874 1606 2897 an.
1633 2865 1671 2897 11
1698 2864 1721 2898 3
1749 2863 1867 2905 πάσης
1891 2862 1963 2908 μὲν
1989 2858 2054 2897 οὖν
2080 2865 2196 2908 ψυχῆς
2214 2859 2373 2907 δύναμις
2400 2857 2522 2905 ἑτέρου

351 2918 520 2966 σώματος
545 2921 639 2955 ἔοικε
666 2926 961 2965 κεκοινωνηκέναι
988 2926 1048 2956 καὶ
1075 2925 1261 2968 θειοτέρου
1286 2925 1354 2956 τῶν
1379 2923 1608 2968 καλουμένων
1633 2927 1829 2968 στοιχείων.
1864 2924 1908 2957 ct'.
1937 2923 2103 2957 Schmidt.
2130 2924 2172 2956 de
2197 2923 2278 2956 loco
2302 2921 2522 2956 Aristotelico

354 2980 416 3013 τὸν
442 2982 530 3013 νοῦν
556 2979 724 3024 θύραθεν
750 2982 957 3019 encaenium.
986 2984 1108 3024 Progr.
1136 2982 1260 3024 Gymn.
1286 2982 1415 3015 Erfun.
1448 2980 1541 3016 1847
1570 2994 1603 3026 p.
1633 2984 1667 3017 5.
1697 2984 1771 3016 Nec
1797 2985 1871 3015 ideo
1897 2989 2010 3015 tamen
2036 2982 2241 3016 Aristoteles
2266 2983 2376 3023 ipsam
2401 2980 2524 3012 aethe-

352 3038 398 3071 ris
425 3040 602 3074 materiam
629 3042 757 3085 putavit
783 3042 977 3076 sentientem
1003 3047 1037 3076 et
1061 3041 1317 3085 intelligentem.
1360 3041 1405 3075 cf.
1432 3042 1544 3077 Biese.
1570 3043 1703 3078 Philos.
1730 3044 1836 3078 Arist.
1863 3044 1901 3078 11
1927 3042 2014 3079 209.
2050 3042 2164 3077 Zeller
2189 3042 2213 3077 l.
2239 3041 2265 3075 l.
2293 3041 2332 3075 11
2358 3035 2445 3074 474.
2473 3056 2522 3063 —·

353 3092 386 3140 ⁹)
413 3099 467 3133 De
480 3110 535 3133 an.
549 3101 625 3135 119
652 3104 739 3147 περὶ
766 3099 808 3136 δὲ
834 3105 894 3136 τοῦ
921 3103 984 3136 νοῦ
1010 3103 1069 3135 καὶ
1095 3104 1154 3143 τῆς
1179 3104 1393 3148 θεωρητικῆς
1418 3099 1609 3149 δυνάμεως
1636 3101 1743 3136 οὐδέν
1769 3113 1827 3135 πω
1853 3100 2030 3148 φανερόν,
2057 3100 2129 3134 ἀλλ’
2157 3100 2252 3134 ἔοικε
2279 3102 2393 3144 ψυχῆς
2418 3100 2524 3144 γένος

341 3154 476 3201 ,ἓτερον
503 3157 598 3190 εἶναι
625 3162 683 3191 καὶ
711 3162 810 3193 τοῦτο
836 3159 953 3204 μόνον
979 3158 1162 3204 ἐνδέχεται
1184 3160 1419 3206 χωρίζεσθαι,
1447 3160 1617 3205 καθάπερ
1633 3161 1672 3194 τὸ
1691 3159 1818 3195 οἷῖδεον
1842 3161 1904 3193 τοῦ
1929 3160 2108 3205 φθαρτοῦ.
2161 3158 2206 3193 οἱ.
2233 3158 2460 3191 Trendelenb.
2487 3159 2526 3191 in

349 3228 471 3251 comm.
523 3221 631 3252 Ritter
656 3222 734 3253 hist.
763 3222 885 3263 philos.
914 3221 971 3253 111
1001 3220 1086 3253 296.
1120 3236 1170 3245 —-
1198 3215 1245 3262 ¹⁰)
1274 3221 1328 3254 Cf.
1356 3221 1469 3252 Zeller
1494 3222 1518 3253 l.
1546 3222 1569 3253 1.
1598 3222 1636 3253 11
1663 3218 1749 3253 441.
1778 3218 1863 3253 431.
