2744 3711
1183 232 1522 275 Α---13--·

215 365 427 420 particulas
455 376 479 405 a
507 364 628 406 rebus
657 364 816 406 secerni
843 365 963 418 inque
991 365 1099 417 ipsos
1125 376 1270 407 sensim
1302 371 1464 407 nostros
1487 364 1739 418 animumque
1771 376 1863 407 sese
1899 365 2104 407 insinnare
2135 365 2440 411 demonstraret.
2491 367 2534 410 ln

215 440 339 483 altera
371 438 604 492 quaestione
632 438 829 492 Epicurus
862 437 1029 480 eandem
1062 444 1184 492 atque
1201 438 1400 491 aequales
1436 437 1659 491 philosophi
1686 438 1790 480 viam
1827 438 2036 492 ingressus
2069 438 2109 480 id
2146 438 2316 482 maxime
2347 439 2458 495 egit,
2495 447 2539 482 ut

215 519 387 555 mentem
415 512 584 553 animam
609 523 839 566 corpusque
873 511 1008 553 intima
1034 512 1227 554 societate
1259 516 1302 553 et
1334 510 1630 554 necessitudine
1656 511 1864 565 copularet
1891 511 2014 565 inque
2039 523 2157 553 unam
2185 518 2366 554 naturam
2396 513 2541 556 conci-

213 588 341 628 liaret.
399 585 535 639 ltaque
570 592 764 638 mentem,
806 597 922 640 quam
957 585 1197 628 Aristoteles
1224 585 1380 627 dixerat
1417 597 1557 639 puram
1593 591 1712 640 atque
1748 586 2014 637 immobilem,
2047 597 2127 628 non
2165 592 2277 630 ratus
2304 587 2386 630 ullo
2416 592 2537 630 modo

215 659 307 703 cum
326 660 479 713 reliqua
498 666 636 702 natura
656 670 850 713 corporea
877 671 996 713 posse
1015 660 1229 715 coniungi,
1249 661 1373 714 ipsam
1392 671 1551 714 quoque
1578 662 1714 703 statuit
1741 672 1976 714 corpoream
1995 673 2089 703 esse
2118 667 2277 715 tamque
2306 664 2536 705 necessario

215 747 306 776 cum
334 736 461 787 anima
489 739 530 776 et
556 744 731 787 corpore
749 734 909 775 vinculo
938 745 1176 786 connexam,
1205 740 1250 778 ut
1277 734 1351 776 bac
1377 734 1462 776 sola
1488 734 1530 775 in
1555 736 1837 778 coniunctione
1862 741 1998 789 posset
2017 736 2173 790 vigere.
2212 735 2329 791 Diog.
2349 736 2393 778 L.
2411 736 2446 779 X
2465 737 2535 779 65.

215 806 310 848 Κατ’
342 806 427 860 μῆν
456 805 531 847 καί
568 806 772 858 λυομένου
802 807 875 847 τοῦ
908 804 1007 848 ὅλου
1036 805 1325 862 ἀθροίσματος
1362 805 1386 860 ἦ
1419 812 1534 860 ψυχή
1571 807 1855 861 διασπείρεται
1886 807 1959 849 καὶ
1995 805 2133 849 οὐκέτι
2163 805 2248 860 ἔχει
2287 808 2361 857 τὰς
2402 807 2530 858 αὐτᾶς

215 878 406 930 δυνάμεις
441 877 533 919 οὐδὲ
562 884 757 930 κινξῖται,
794 878 862 928 (ὅς’
891 879 978 920 οὐδ’
1004 879 1209 935 αἴσθησιν
1237 879 1445 933 κέκτηται.
1499 878 1559 920 Οὐ
1585 880 1665 935 γὰρ
1696 876 1785 922 οἷόν
1822 895 1864 921 τε
1900 886 2010 921 νοεῖν
2041 878 2171 936 αὐτήν
2207 881 2532 936 αἰσθανομένην,

213 954 272 1008 μῆ
302 954 346 994 ἐν
374 952 504 1010 τούτῳ
532 954 589 1010 τῷ
619 952 853 1007 συστήματι
881 953 955 994 καί
983 959 1077 1003 ταῖς
1106 953 1291 1008 κινήσεσι
1327 952 1497 1002 ταύταις
1521 953 1770 1008 χρωμένην,
1807 951 1907 994 ὅταν
1934 953 1986 995 τοὶ
2015 953 2260 1009 στεγάζοντα
2289 954 2364 996 καί
2393 955 2535 1010 περιέ-

211 1041 339 1080 χοντα
366 1028 424 1081 μῆ
455 1028 628 1067 τοιαῦτα
656 1021 681 1082 ᾗ
712 1023 781 1066 οἶα
813 1027 856 1066 ἑν
882 1022 944 1075 οἷς
970 1028 1048 1067 νῦν
1070 1021 1177 1068 οὖσα
1207 1025 1290 1080 ἔχει
1321 1026 1475 1074 ταύτας
1504 1026 1580 1075 τάς
1612 1025 1805 1081 κινήσεις.
2582 1013 2585 1015 .

274 1146 276 1152 .
386 1101 474 1141 Jam
498 1102 763 1156 indagandum
790 1102 881 1152 erit,
909 1113 985 1155 qua
1013 1103 1077 1142 via
1103 1102 1300 1156 Epicurus
1328 1102 1367 1141 in
1394 1100 1562 1155 singulis
1589 1101 1740 1154 placitis
1769 1103 2013 1156 explicandis
2038 1104 2297 1157 processerit.
2339 1104 2531 1154 Quoniam

215 1187 305 1215 cum
331 1176 617 1227 Peripateticis,
645 1178 748 1228 quos
776 1176 894 1216 modo
924 1174 1021 1226 dixi,
1051 1176 1089 1216 id
1120 1176 1289 1216 maxime
1315 1175 1451 1214 babuit
1478 1186 1701 1225 commune,
1728 1176 1834 1227 quod
1863 1177 2103 1217 artissimum
2132 1178 2251 1217 animi
2281 1182 2323 1218 et
2351 1179 2535 1229 corporis

215 1260 361 1289 nexum
389 1250 606 1299 constituit,
635 1255 726 1289 ante
754 1249 885 1289 omnia
914 1250 992 1290 erit
1019 1249 1305 1301 quaerendum,
1343 1248 1437 1301 quid
1474 1249 1560 1301 ipse
1589 1249 1681 1289 novi
1709 1260 1755 1289 ac
1785 1249 1934 1290 diversi
1966 1250 2191 1302 protulerit.
2250 1249 2338 1292 Jam
2371 1250 2406 1292 si
2435 1262 2534 1292 sen-

214 1323 355 1363 tentias
385 1322 433 1363 ab
463 1323 550 1374 ipso
577 1322 750 1374 Epicuro
780 1323 819 1362 in
849 1322 1027 1374 epistolis
1056 1323 1234 1363 breviter
1262 1322 1512 1363 adumbratas
1541 1322 1643 1374 apud
1663 1322 1881 1376 Diogenem
1910 1323 2110 1366 Laertinm
2140 1323 2461 1365 consideraveris
2477 1326 2534 1378 ἱ),

212 1395 327 1437 facile
354 1396 533 1448 reperias
562 1407 652 1436 eum
680 1396 867 1438 assentiri
895 1396 1166 1448 Peripateticis
1203 1407 1282 1438 non
1308 1395 1505 1450 potuisse3
1544 1395 1605 1436 sin
1639 1395 1914 1438 Lucretianam
1944 1396 2250 1449 disputationem
2277 1395 2526 1450 aliorumque

211 1475 419 1511 auctorum
456 1468 679 1510 testimonia
708 1468 947 1520 adhibueris,
986 1469 1202 1522 Epicurum
1240 1470 1327 1511 sive
1352 1469 1567 1523 discipulos
1595 1470 1742 1522 patebit
1768 1470 1915 1511 acriter
1941 1471 2038 1511 istos
2072 1471 2340 1525 impugnasse.
2389 1470 2524 1521 Qualis

210 1544 310 1584 haec
336 1543 532 1583 dissensio
560 1550 601 1584 et
627 1544 902 1584 controversia
932 1543 1074 1595 fuerit,
1112 1543 1214 1583 infra
1242 1556 1447 1597 exponam.
1506 1544 1630 1584 Multo
1669 1551 1799 1585 tamen
1838 1545 2035 1584 acriorem
2074 1556 2246 1598 pugnam
2285 1546 2394 1585 omni
2419 1551 2528 1586 tem-

210 1630 309 1670 pore
346 1617 532 1670 Epicurei
570 1618 778 1658 subierunt
817 1618 1010 1658 adversus
1039 1618 1263 1659 Platonicos
1301 1623 1343 1658 et
1378 1617 1548 1657 Stoicos.
1607 1617 1706 1658 Nam
1745 1618 1926 1670 physicas
1964 1618 2219 1670 quaestiones
2256 1617 2330 1657 bac
2366 1630 2443 1658 una
2481 1619 2534 1659 de

210 1702 350 1731 caussa
391 1691 650 1732 instituendas
690 1692 746 1732 illi
782 1698 984 1743 putarunt,
1024 1697 1068 1733 ut
1106 1692 1204 1733 deos
1239 1697 1285 1733 et·
1311 1692 1524 1731 daemones
1560 1702 1612 1731 ex
1642 1691 1788 1731 mundo
1815 1691 2077 1733 exturbarent
2106 1692 2337 1743 animosque
2370 1696 2532 1732 nostros

209 1764 318 1805 nasci
357 1775 434 1804 una
473 1775 562 1804 cum
601 1775 774 1817 corpore
813 1770 854 1807 et
892 1765 1024 1818 perire
1062 1763 1290 1818 probarent.
1348 1765 1482 1814 Quare
1510 1775 1600 1805 cum
1638 1764 1908 1816 Peripateticis
1937 1764 2039 1815 istis,
2078 1765 2145 1816 qui
2172 1765 2246 1817 ipsi
2274 1765 2418 1812 mentis
2450 1766 2528 1806 vim

202 1825 248 1879 'et
275 1838 506 1892 dignitatem
537 1845 763 1881 sumserant
792 1838 1096 1893 infringendam,
1126 1839 1166 1880 in
1194 1851 1239 1880 re
1274 1838 1507 1893 gravissima
1538 1843 1846 1887 consenserunt3
1886 1838 2161 1880 dissenserunt
2193 1849 2358 1890 prorsus
2389 1850 2410 1879 a
2441 1838 2531 1880 Pla-

209 1911 352 1952 tonicis
391 1918 431 1953 et
468 1911 632 1961 Stoicis,
671 1925 840 1963 quorum
881 1918 964 1954 tota
1003 1911 1185 1953 doctrina
1222 1912 1261 1953 in
1300 1926 1348 1953 eo
1387 1910 1460 1952 fuit
1498 1910 1674 1961 fundata,
1711 1918 1756 1952 ut
1794 1912 1874 1952 vim
1913 1911 2084 1953 divinam
2123 1924 2194 1962 per
2224 1924 2363 1952 omnes
2395 1918 2531 1962 partes

209 1985 343 2026 mundi
382 1991 593 2036 penetrare
631 1986 913 2037 hominumque
952 1993 1104 2027 mentes
1143 2000 1215 2027 sua
1253 1993 1391 2027 natura
1430 1984 1583 2026 divinas
1612 1999 1703 2026 esse
1735 1986 1937 2026 docerent.
1998 1987 2239 2036 Quamquam
2278 1987 2384 2025 inter
2423 1986 2532 2036 ipsos

207 2057 430 2100 Platonicos
469 2066 508 2100 et
546 2059 700 2100 Stoicos
747 2059 975 2111 opinionum
1016 2073 1156 2112 magna
1202 2058 1274 2099 fuit
1312 2057 1587 2110 discrepantia.
1648 2057 1757 2099 Inter
1796 2058 2018 2098 Platonicos
2068 2058 2172 2098 enim
2212 2058 2399 2098 convenit
2448 2071 2528 2098 non

207 2145 297 2173 esse
337 2146 509 2186 unquam
548 2134 698 2174 animos
738 2140 897 2174 nostros
938 2140 1116 2187 creatos3
1155 2138 1396 2185 quapropter
1433 2133 1667 2185 magistrum
1696 2132 1898 2172 Platonem
1937 2132 1976 2171 in
2006 2131 2166 2171 Timaeo
2195 2133 2418 2173 animorum
2457 2144 2532 2171 or-

207 2211 290 2247 tum
328 2205 597 2249 tantummodo
637 2205 860 2259 explicandi
898 2217 1040 2247 caussa
1078 2206 1334 2258 supposuisse
1372 2211 1617 2248 censuerunt
1638 2204 1698 2260 ²).
1758 2205 1903 2247 Contra
1933 2205 2075 2247 Stoicis
2114 2205 2242 2247 visum
2280 2210 2344 2248 est
2377 2206 2533 2247 animos

207 2280 246 2321 in
276 2281 404 2333 primo
435 2281 578 2337 mundix
597 2286 688 2323 ortu
716 2292 767 2322 ex
795 2280 887 2335 igni
908 2280 1044 2322 divino
1076 2280 1233 2334 genitos
1264 2280 1372 2321 nasci
1402 2281 1442 2321 in
1470 2280 1643 2322 humano
1671 2291 1841 2332 corpore
1879 2286 1918 2322 et
1945 2285 2036 2332 post
2062 2279 2284 2322 discessum
2313 2291 2335 2321 a
2355 2291 2530 2333 corpore

208 2355 320 2396 ocius
359 2356 490 2397 serius
520 2356 729 2406 dissipatos
771 2356 809 2395 in
846 2355 994 2406 ignem,
1034 2354 1139 2395 unde
1177 2354 1353 2404 decerpti
1390 2359 1549 2404 essent,
1583 2353 1797 2395 coelestem
1833 2358 1873 2394 et
1901 2342 2078 2394 divinum
2115 2365 2206 2394 esse
2246 2353 2450 2394 redituros
2467 2352 2528 2405 ³).

378 2430 447 2469 His
488 2431 540 2469 ita
578 2430 755 2469 breviter
786 2430 1006 2481 disputatis,
1041 2436 1246 2481 antequam
1285 2428 1331 2468 ad
1371 2428 1528 2481 singula
1566 2433 1799 2480 argumenta
1828 2427 2027 2475 accedam,
2067 2428 2201 2478 paucis
2241 2427 2383 2480 placita
2420 2439 2528 2466 non-

206 2501 311 2543 nulla
350 2507 441 2543 sunt
478 2502 723 2554 explananda
762 2502 964 2555 graviora,
1002 2503 1042 2542 in
1081 2502 1223 2554 quibus
1255 2502 1415 2554 Epicuri
1454 2502 1504 2542 de
1533 2501 1660 2542 anima
1701 2502 1880 2542 doctrina
1909 2507 1970 2542 est
1998 2501 2204 2542 collocata.
2263 2500 2521 2541 Notissimum

205 2582 262 2617 est
302 2575 518 2629 Epicurum
547 2589 598 2616 ex
638 2576 782 2616 mundo
812 2588 956 2616 numen
988 2575 1163 2616 divinum
1204 2576 1425 2629 expulisse3
1470 2576 1566 2616 illud
1606 2588 1696 2615 cum
1734 2582 1845 2615 recte
1883 2575 2046 2615 sentiret
2086 2582 2272 2626 oportere
2310 2581 2351 2615 et
2388 2581 2525 2614 aeter-

204 2660 297 2688 num
327 2662 418 2690 esse
446 2657 485 2691 et
514 2650 693 2698 beatum,
733 2656 861 2689 tamen
894 2645 970 2688 non
1002 2649 1101 2707 yidit
1128 2650 1232 2690 idem
1262 2661 1378 2701 posse
1408 2656 1447 2690 et
1478 2649 1665 2688 mundum
1696 2648 1855 2688 efficere
1883 2655 1922 2688 et
1963 2659 2097 2687 rerum
2125 2659 2262 2687 curam
2299 2659 2447 2701 gerere
2476 2659 2524 2687 ac

204 2722 491 2772 providentiam
510 2721 571 2777 4).
633 2723 865 2763 Huiusmodi
903 2735 1024 2775 opera
1063 2729 1104 2764 et
1144 2725 1304 2777 negotia
1332 2724 1513 2775 opinatus
1554 2735 1644 2763 esse
1683 2722 1845 2762 molesta
1884 2721 1966 2761 Deo
2005 2721 2140 2761 sedem
2170 2723 2209 2761 in
2246 2721 2526 2762 intermundiis

202 2793 368 2846 locavit,
409 2797 475 2837 ubi
520 2797 637 2837 nullis
677 2797 1002 2848 occupationibus
1042 2797 1263 2849 implicatus
1310 2809 1378 2837 sua
1418 2796 1608 2848 sapientia
1649 2802 1688 2836 et
1733 2795 1879 2835 virtute
1920 2793 2112 2846 gauderet
2148 2794 2204 2847 ⁵).
2267 2794 2339 2835 Cui
2370 2794 2527 2835 divinae

203 2866 307 2907 vitae
347 2868 553 2909 manifesto
584 2870 771 2922 congruit
800 2881 870 2918 ea,
909 2882 1025 2920 quam
1056 2869 1130 2909 hoc
1170 2870 1209 2910 in
1248 2869 1391 2910 mundo
1431 2868 1598 2909 hominis
1638 2880 1728 2908 esse
1757 2866 1998 2918 praedicavit
2027 2867 2236 2918 sapientis3
2269 2866 2385 2907 huius
2416 2867 2520 2907 enim

359 3044 387 3085 ¹)
413 3046 514 3088 Diog.
541 3049 582 3081 L.
610 3049 644 3081 X
672 3048 834 3082 63—66.
877 3064 924 3071 —
969 3046 998 3089 ²)
1034 3049 1212 3082 Plutarch.
1240 3050 1281 3081 de
1307 3049 1405 3080 anim.
1442 3058 1552 3089 procr.
1587 3058 1606 3079 e
1633 3047 1723 3080 Tim.
1751 3058 1780 3078 c.
1809 3046 1875 3078 ΙΙΙ.
1929 3045 1965 3079 S.
1994 3046 2176 3087 Angustia.
2204 3047 2246 3078 de
2273 3047 2335 3078 civ.
2372 3046 2425 3077 dei
2461 3046 2521 3079 lib.

354 3105 387 3137 X
414 3115 443 3139 c.
470 3106 531 3141 31.
569 3126 617 3133 —
655 3107 684 3149 3)
720 3109 820 3150 Diog.
848 3107 887 3141 L.
916 3107 988 3141 VII
1017 3107 1100 3142 156.
1155 3107 1359 3142 Censorinus
1385 3108 1427 3141 de
1453 3108 1507 3140 die
1540 3112 1609 3140 nat.
1637 3117 1666 3140 c.
1695 3103 1729 3140 4.
1782 3106 1953 3148 Wyttenb.
1982 3117 2095 3149 opusc.
2125 3105 2163 3139 11
2191 3105 2275 3140 282.
2329 3104 2519 3140 Stoicorum

354 3166 395 3197 de
422 3167 523 3199 animi
549 3170 651 3201 nostri
677 3175 776 3211 partu
803 3175 835 3201 et
862 3169 993 3200 interitu
1022 3169 1186 3200 sententia.
1211 3167 1300 3200 iufra
1326 3173 1520 3209 exponetur.
1557 3183 1605 3190 —
1639 3165 1671 3206 4)
1688 3177 1690 3179 ’
1707 3167 1810 3207 Diog.
1838 3166 1878 3199 L.
1906 3167 1938 3199 X
1971 3167 2052 3200 123.
2086 3167 2167 3200 139.
2198 3183 2245 3190 -
2273 3164 2307 3207 ⁶)
2336 3164 2410 3199 Cic.
2438 3166 2518 3199 Nat.

353 3223 456 3257 Deor.
485 3225 503 3257 Ι
535 3226 589 3268 19,
619 3228 677 3260 51.

2185 3291 2206 3324 3
