2744 3711
1225 236 1508 274 ...15-

206 371 442 427 imperfecto
479 369 665 424 prodisse
679 369 737 423 ¹).
797 368 881 410 Nec
917 380 1018 409 vero
1045 367 1180 409 Strato
1216 365 1332 420 plane
1368 366 1419 407 ab
1445 365 1676 408 Aristotelis
1708 364 1843 407 schola
1881 364 2041 409 defecit.
2099 365 2197 408 Nam
2235 371 2327 421 post
2363 365 2524 411 fortuita

192 446 345 489 *mundi
379 444 490 487 initia
526 455 671 485 casum·
702 454 875 497 regnare
913 435 1060 491 noluit;
1108 442 1188 482 imo
1228 441 1309 481 vim
1353 440 1493 481 tribuit
1528 451 1686 481 omnem
1725 446 1913 491 naturae,
1961 452 2064 493 quae
2102 440 2302 493 paullatim
2339 453 2392 482 ex
2429 454 2524 483 casu

206 522 248 563 in
285 520 392 562 hunc
428 524 574 560 statum
610 522 863 571 transgressa
899 517 1057 569 iamque
1092 516 1177 557 suis
1213 515 1367 555 viribus
1402 514 1516 567 quasi
1552 519 1738 555 contenta
1760 526 1911 570 ‘omnes
1948 525 2109 555 caussas
2145 515 2312 558 liaberet
2349 516 2526 571 fingendi

207 603 249 638 ct
286 591 449 635 vivendi
477 589 536 646 2).
594 590 683 631 Non
722 590 808 631 fere
846 590 961 631 aliter
998 590 1049 631 de
1087 595 1228 631 natura
1263 588 1454 643 cogitavit
1491 588 1701 641 Epicurus.
1759 588 1833 628 Hic
1876 595 1921 629 ut
1957 588 2105 630 dixerit
2142 590 2185 629 in
2223 590 2350 642 primo
2389 602 2527 642 rerum

208 675 302 712 ortu
340 667 390 708 ad
428 677 563 706 casum
603 670 645 706 et
682 664 881 705 fortunam
919 664 1050 705 omnia
1087 663 1304 714 cecidisse,
1348 663 1388 704 in
1427 662 1574 704 mundo
1621 669 1750 705 tamen
1790 663 2006 704 constituto
2043 664 2176 704 omnia
2213 670 2326 706 certo
2363 675 2523 717 semper

207 727 282 786 suo
321 741 474 783 ordine'
500 746 686 781 constare
723 738 1006 792 pronuntiavit.
1074 737 1411 787 Quemadmodum
1449 736 1688 779 Aristoteles
1735 748 1875 778 omnes
1917 748 1984 779 res
2023 736 2146 778 certis
2181 743 2346 780 naturae
2382 738 2526 780 finibus

208 814 521 867 circumscripsit
558 819 599 855 et
636 813 851 866 praecipue
889 811 1099 854 animantia
1135 816 1249 853 certo
1286 822 1443 864 semper
1479 810 1632 857 semine
1668 810 1804 852 enasci
1841 815 1883 852 et
1920 822 2049 865 genus
2088 821 2312 865 propagare
2349 810 2527 854 declara-

207 888 285 939 vit,
338 887 392 930 ita
431 885 627 940 Epicurus
666 885 714 927 ab
752 884 869 927 simili
906 895 1042 927 rerum
1080 882 1411 937 contemplatione
1454 881 1658 936 profectus
1695 882 1931 924 sententiam
1976 883 2158 936 protulit,
2210 894 2291 924 non
2340 883 2529 937 quidlibet

206 975 259 1004 ex
296 955 474 1013 qu‘olibet
512 959 611 1001 oriri
649 959 722 1001 sed
760 959 976 1000 seminibus
1014 969 1115 1011 opus
1152 968 1259 1008 esse,
1296 957 1401 998 unde
1438 968 1507 997 res
1542 956 1820 1010 gignerentur.
1879 956 1994 1010 Diog.
2033 957 2077 997 L.
2117 956 2151 997 X
2191 955 2271 997 38:
2312 954 2429 996 οὐδὲν
2466 956 2529 1010 ye'.

206 1049 324 1075 νεται
362 1032 407 1073 ἐκ
445 1032 519 1072 τοῦ
556 1031 614 1084 μῆ
656 1026 783 1079 ὄντος.
843 1031 925 1071 πᾶν
961 1030 1039 1084 γὰρ
1081 1029 1126 1070 ἑκ
1165 1029 1319 1078 παντὸς
1357 1025 1567 1082 ἐγύείᾶν,
1611 1026 1859 1081 σπερμάτων
1896 1044 1940 1082 γε
1979 1026 2095 1070 οὐδὲν
2134 1027 2437 1083 προςδεόμενον.
2484 1030 2529 1072 ln

207 1119 284 1161 qua
324 1106 520 1148 sententia
557 1105 756 1158 Epicurus
795 1104 982 1158 physicae
1020 1115 1118 1145 suae
1154 1103 1316 1145 decreta
1354 1104 1486 1156 posuit
1523 1103 1770 1157 gravissima.
1829 1103 1892 1145 Ab
1930 1104 1995 1145 illa
2034 1115 2207 1146 exorsus
2242 1104 2364 1145 rebus
2396 1106 2530 1146 omni-

165 1204 172 1216 ·
205 1180 281 1223 hus
321 1179 505 1234 probavit
543 1178 761 1233 primordia
800 1178 969 1221 subesse
1007 1177 1133 1220 solida
1173 1182 1214 1220 et
1254 1176 1508 1220 immutabilia
1529 1177 1585 1232 ³).
1644 1177 1776 1230 Atque
1805 1177 1882 1220 hoc
1910 1178 2039 1231 ipsum
2073 1183 2257 1232 tanquam
2286 1179 2382 1221 novi
2409 1179 2529 1233 quid·

206 1254 297 1296 dam
347 1253 395 1295 ab
434 1252 609 1306 Epicuro
649 1252 797 1295 illatum
844 1258 906 1295 est
955 1251 1158 1294 doctrinae
1195 1251 1432 1301 Democriti,
1477 1250 1585 1305 quod
1632 1263 1710 1293 non
1758 1253 1954 1304 rationes,
2001 1263 2100 1305 quas
2142 1252 2210 1294 ille
2257 1253 2307 1294 ab
2344 1252 2530 1295 Eleaticis

205 1327 450 1381 philosophis
479 1332 680 1368 mutuatus
712 1332 812 1379 erat,
851 1325 1078 1368 subtiliores
1112 1331 1153 1367 et
1186 1325 1407 1367 disserendi
1435 1325 1497 1366 via
1532 1325 1728 1375 inventam,
1765 1325 1836 1366 sed
1864 1338 2001 1367 rerum
2028 1326 2162 1379 potius
2188 1326 2383 1379 ordinem,
2411 1339 2527 1380 quem

205 1402 331 1443 oculis
379 1400 667 1453 conspicimuS‚
723 1406 877 1441 certum
916 1405 956 1440 et
995 1399 1196 1441 definitum
1244 1399 1293 1439 ad
1340 1398 1556 1451 primordia
1594 1410 1665 1439 sua
1704 1398 1908 1439 efficienda
1946 1399 2132 1441 abhibuit.
2200 1399 2352 1441 Eodem
2392 1413 2527 1441 rerum

204 1473 346 1516 ordine
372 1473 570 1525 Epicurus
609 1484 661 1513 ex
695 1479 827 1515 mente
858 1472 1088 1514 Aristotelis
1125 1472 1178 1514 ita
1213 1483 1311 1513 usus
1349 1478 1425 1522 est,
1464 1478 1507 1512 ut
1543 1472 1866 1527 philosophorum
1897 1472 1947 1512 de
1981 1473 2115 1513 mundi
2149 1479 2290 1514 natura
2328 1474 2527 1515 sentiente

208 1552 248 1588 et
301 1546 550 1599 intelligente
596 1545 725 1598 deque
768 1546 989 1587 animorum
1038 1545 1196 1599 origine
1244 1551 1284 1586 et
1329 1544 1567 1598 migratione
1619 1545 1836 1587 sententias
1884 1545 2120 1587 confutaret.
2195 1547 2305 1596 Quae
2353 1553 2523 1588 contro-

203 1620 337 1661 versia
376 1619 470 1661 licet
505 1619 545 1658 in
586 1619 721 1671 paucis
760 1619 851 1671 illis,
890 1630 990 1671 quae
1029 1623 1258 1671 supersunt,
1297 1619 1419 1671 ipsius
1447 1618 1609 1671 Epicuri
1646 1617 1840 1658 librorum
1881 1617 2057 1670 reliquiis
2091 1618 2356 1670 desideretur,
2395 1625 2527 1661 tamen

204 1706 295 1733 cum
335 1706 386 1734 ex
425 1692 629 1733 doctrinae
667 1693 820 1733 ratione
867 1705 993 1745 paene
1041 1692 1268 1734 necessario
1308 1696 1595 1743 consequatur,
1643 1696 1725 1732 tum
1774 1691 1955 1743 exemplo
1995 1693 2186 1743 probatur
2229 1693 2528 1745 discipulorum,

204 1779 305 1821 quos
346 1766 533 1807 traditum
573 1772 635 1806 est
674 1766 714 1805 in
755 1767 938 1806 omnibus
978 1778 1117 1818 presse
1156 1766 1337 1819 magistri
1377 1765 1547 1817 vestigia
1585 1776 1675 1804 esse
1714 1770 1887 1805 secutos.

380 1841 487 1879 Haec
522 1840 756 1892 disputanda
798 1841 953 1892 putavi,
1003 1846 1046 1879 ut
1084 1840 1134 1879 de
1172 1840 1333 1891 Epicuri
1376 1839 1529 1890 placitis
1575 1839 1827 1890 gravioribus
1876 1840 1999 1879 satius
2048 1846 2260 1880 constaret.
2320 1841 2529 1881 Lucretius

205 1915 387 1967 magistri
428 1920 597 1954 mentem
638 1921 800 1954 secutus
839 1915 878 1953 in
900 1914 1145 1965 ,primordiis
1186 1914 1322 1954 solidis
1359 1920 1399 1953 et
1436 1912 1741 1953 immutabilibus
1780 1911 2038 1953 defendendis
2076 1926 2098 1952 a
2136 1920 2245 1954 certa
2285 1927 2330 1953 ac
2372 1914 2532 1956 definita

204 2001 342 2028 rerum
390 1995 530 2028 natura
569 1996 608 2029 et
653 1989 867 2040 praecipue
906 1989 954 2027 ab
993 1989 1247 2029 animantium
1286 1988 1500 2041 generibus
1539 1986 1720 2038 exempla
1758 1986 1973 2037 desumpsit
1992 1984 2053 2039 4).
2114 1986 2239 2027 Nemo
2278 1994 2411 2029 autem
2451 2003 2531 2029 non

204 2060 320 2101 facile
348 2068 568 2114 cognoscet
607 2068 749 2114 poetae
788 2061 1007 2113 philosophi
1045 2069 1215 2103 mentem
1253 2061 1318 2101 illa
1356 2061 1440 2112 ipsa
1479 2072 1615 2100 rerum
1642 2060 1971 2112 contemplatione
2004 2061 2172 2100 maxime
2201 2074 2293 2102 esse
2332 2062 2531 2103 incitatam

204 2140 243 2174 et
284 2135 453 2186 quodam
492 2135 602 2187 quasi
650 2134 797 2174 furoris
838 2134 967 2174 afflatu
1005 2136 1220 2177 incensam.
1278 2134 1376 2174 Nam
1415 2139 1548 2185 poeta,
1586 2145 1676 2173 cum
1721 2140 1885 2174 naturae
1927 2139 2161 2185 potestatem
2198 2135 2330 2175 videat
2367 2136 2529 2186 finitam,

205 2207 421 2259 persuadet
470 2207 545 2249 sibi
583 2207 771 2248 mundum
817 2207 1023 2249 liberatum
1075 2220 1165 2249 esse
1203 2219 1226 2247 a
1264 2207 1348 2248 deis
1400 2207 1593 2257 dominis,
1639 2206 1706 2258 qui
1754 2218 1827 2247 suo
1878 2206 2042 2248 arbitrio
2091 2219 2238 2260 regere
2292 2214 2435 2249 cuncta
2488 2214 2530 2249 et

202 2279 316 2331 leges
356 2281 561 2333 imponere
599 2287 764 2322 naturae
798 2280 946 2321 alienas
986 2281 1138 2333 possint
1175 2281 1303 2332 putari
1326 2279 1381 2332 5,).
1442 2280 1524 2321 lllis
1564 2291 1663 2332 ergo
1704 2279 1871 2320 dominis
1905 2285 1948 2320 ut
1975 2292 2092 2321 omne
2126 2281 2335 2332 imperium
2374 2282 2527 2333 eripiat,

204 2359 387 2394 naturam
425 2354 558 2395 laudat
598 2354 786 2405 liberam,
826 2354 956 2394 omnia
996 2362 1138 2407 suopte
1177 2354 1324 2407 impetu
1363 2360 1403 2395 et
1431 2354 1579 2395 infinita
1618 2354 1806 2395 materiae
1837 2353 1950 2406 copia
1982 2353 2270 2409 pollentem⁶)‚
2309 2355 2424 2397 simul
2459 2356 2526 2409 gi-

204 2433 394 2480 gnentem
433 2441 500 2468 res
540 2434 581 2468 et
619 2434 955 2481 corrumpentem,
994 2428 1110 2469 simul
1149 2428 1267 2468 vitam
1304 2433 1342 2468 et
1381 2434 1565 2479 mortem,
1599 2427 1737 2468 florem
1773 2434 1813 2468 et
1851 2427 2086 2482 languorem
2120 2428 2419 2483 afferente1n⁷)‚
2453 2428 2525 2471 sed

203 2500 242 2541 in
283 2502 472 2544 continuo
512 2516 647 2544 rerum
690 2503 799 2543 ssuxu
839 2514 885 2542 ac
922 2501 1198 2542 vicissitudine
1246 2502 1294 2542 ad
1330 2503 1513 2554 proprias
1551 2514 1644 2542 suas
1691 2502 1804 2555 leges
1844 2508 1954 2542 certa
1992 2515 2150 2555 semper
2189 2515 2326 2543 rerum
2375 2515 2526 2556 genera

204 2580 508 2617 conservantem
547 2581 588 2617 et
627 2573 912 2629 propagantem
926 2573 986 2628 ⁸).
1047 2574 1130 2616 Nec
1168 2575 1296 2616 minus
1334 2573 1448 2616 facile
1486 2573 1581 2616 illud
1621 2575 1791 2627 perspici
1832 2575 1992 2627 poterit,
2033 2580 2185 2628 poetam
2220 2574 2357 2617 eadem
2387 2588 2525 2618 rerum

204 2647 536 2700 contemplatione
575 2649 740 2691 mirifice
779 2649 981 2698 oblectari,
1023 2655 1066 2691 ut
1104 2649 1228 2701 ipsam
1269 2661 1418 2701 pacem,
1457 2648 1724 2700 concordiam,
1767 2648 2017 2700 voluptatem,
2053 2660 2154 2701 quae
2192 2660 2264 2701 per
2299 2650 2526 2693 universam

204 2726 382 2764 naturam
414 2730 475 2766 est
502 2723 655 2776 diffusa,
694 2724 831 2767 intimo
860 2724 989 2766 animo
1018 2729 1246 2777 perceptam
1276 2729 1456 2776 tanquam
1487 2723 1565 2765 vim
1593 2722 1768 2766 declaret
1795 2723 1917 2765 solam
1946 2722 2052 2765 illam
2078 2729 2218 2766 cuncta
2248 2730 2526 2778 procreantem

363 2874 390 2916 ¹)
421 2877 596 2911 Plutarch.
626 2879 701 2911 adv.
731 2878 841 2911 Colot.
870 2888 898 2910 c.
927 2877 1035 2910 XIV:
1092 2874 1312 2921 (ὁΣτράιων)
1338 2877 1399 2910 τὸν
1426 2875 1564 2922 κόσμον
1591 2876 1696 2911 αὐτὸν
1724 2876 1768 2910 ov'
1793 2878 1883 2917 ζῶον
1909 2875 2005 2911 εἶναι
2032 2880 2133 2922 (moi,
2160 2880 2198 2912 u>
2226 2876 2267 2913 δὲ
2295 2881 2381 2913 κατὰ
2409 2881 2526 2925 φύσιν

359 2932 515 2969 ἕπεσθαι
543 2939 588 2981 τῷ
615 2939 703 2970 accen?
730 2935 846 2981 τύχην·
875 2936 987 2981 ‘292151‘
1013 2938 1085 2982 γάρ
1112 2934 1303 2970 ἐνδιδόναι
1328 2937 1365 2969 u>
1392 2935 1603 2982 αὐτόματον,
1631 2935 1705 2969 εἶτα
1723 2935 1811 2969 οὕτω
1839 2939 2078 2983 περαίνεσθαι
2105 2939 2175 2970 τῶν
2201 2943 2367 2984 φυσικῶν
2394 2943 2528 2972 παθών

361 2992 499 3030 ἕκαςον.
526 2998 683 3029 Dilucide
692 2999 782 3029 hunc
792 2998 903 3028 locum
914 2998 1093 3038 explicavit
1104 2998 1250 3030 Krische
1259 3000 1281 3030 l.
1291 3000 1312 3030 1.
1324 3009 1356 3040 p.
1367 2999 1455 3031 354.
1472 3016 1509 3022 -—
1526 2999 1557 3040 ²)
1574 3000 1645 3032 Cic.
1656 3001 1735 3032 Nat.
1747 3001 1850 3033 Deor.
1863 3002 1881 3032 I
1896 3000 1951 3032 13.
1979 3002 2089 3033 Acad.
2105 3002 2142 3033 ΙΙ
2157 3001 2217 3034 38.
2245 3003 2399 3035 Lactant.
2417 3005 2458 3035 de
2474 3005 2526 3036 ira

358 3054 412 3085 dei
438 3064 467 3086 c.
500 3055 555 3089 10.
585 3073 634 3080 -—
663 3055 693 3098 3)
720 3057 821 3097 Diog.
848 3057 889 3088 L.
918 3055 978 3088 38.
1007 3053 1068 3090 41.
1098 3073 1146 3079 —-
1172 3051 1206 3098 ι’)
1234 3058 1366 3090 Lucret.
1383 3059 1402 3089 Ι
1419 3058 1630 3092 159—265.
1660 3056 1845 3093 540—65.
1863 3058 2051 3093 577-99,
2077 3059 2265 3096 770—82.
2285 3062 2324 3093 11
2346 3061 2525 3095 512-415

359 3113 416 3154 (de
443 3115 536 3147 finita
558 3117 740 3158 figurarum
762 3115 968 3156 diversitate)
991 3115 1180 3149 661-73.
1194 3116 1382 3150 817-26.
1410 3118 1518 3151 1089.
1548 3119 1601 3150 De
1627 3120 1692 3150 hac
1713 3121 1840 3150 ratione
1862 3120 2032 3160 copiosius
2054 3121 2121 3151 dixi
2144 3122 2178 3152 in
2200 3120 2352 3160 Quaestt.
2376 3122 2525 3154 Luci-ebt.

357 3183 391 3215 p.
424 3173 455 3209 7.
488 3174 649 3209 16—25.
687 3193 734 3199 —
772 3173 802 3217 5)
829 3176 963 3208 Lucret.
992 3176 1010 3208 1
1035 3174 1198 3210 56-80.
1226 3176 1260 3210 V
1287 3176 1448 3211 87-91.
1480 3175 1587 3211 1184.
1615 3195 1663 3201 —
1691 3173 1721 3219 0)
1752 3178 1788 3211 ΙΙ
1820 3177 2080 3213 1090-1105.
2120 3197 2164 3202 —
2205 3178 2234 3220 ¹')
2262 3179 2279 3212 1
2307 3179 2382 3215 263
2411 3193 2458 3224 sq.
2490 3183 2527 3216 11

360 3230 522 3267 66—79.
552 3233 740 3268 569-82.
794 3236 828 3267 V
855 3232 1042 3268 826—34.
1072 3253 1119 3259 —
1147 3228 1178 3274 ⁸)
1212 3236 1249 3269 11
1278 3236 1347 3270 707
1377 3246 1425 3279 sq.
1479 3238 1513 3269 V
1540 3237 1625 3273 920.

2195 3306 2237 3340 3*
