2744 3711
1242 199 1413 245 ...32
1472 222 1527 231 -

211 334 360 388 quibus
397 334 609 388 probaret,
659 337 790 375 morte
826 344 986 374 omnem
1026 333 1189 374 omnino
1226 332 1267 373 in
1293 343 1479 385 'corpore
1515 343 1679 373 sensam
1717 331 1937 388 exstingui.
2007 331 2051 374 ln
2087 332 2231 375 eodem
2261 335 2548 389 *exemplorum

210 418 366 463 genere
384 412 569 450 versatur
586 406 815 459 Lucretius,
840 406 928 459 qai,
957 411 1002 448 ut
1028 417 1152 459 supra
1172 404 1271 456 dixi,
1297 405 1339 447 in
1361 404 1599 458 disputando
1621 403 1700 446 hoc
1718 405 1849 458 ipsu·
1866 405 2038 447 maxime
2066 408 2224 460 premit,
2251 409 2546 450 animane-te

210 482 255 523 in
291 482 380 535 ipso
421 491 606 534 corpore
625 480 866 523 dilaniatam·
887 491 1000 531 esse,
1038 491 1155 534 quam
1195 478 1302 520 foras
1329 477 1523 521 elabatur.
1570 477 1775 520 -Concedit
1809 478 1878 520 ille
1905 478 2088 532 quidem,
2123 480 2245 523 animi
2270 482 2401 524 nostri
2425 487 2547 535 atque

213 555 398 609 corporis
426 554 634 598 materiam
670 560 762 608 post
790 560 959 596 mortem
998 553 1207 607 aliquando
1236 553 1277 593 ia
1315 553 1520 606 pristinam
1557 551 1723 594 formam
1753 564 1874 606 posse
1909 554 2066 604 redire3
2113 555 2186 597 sed
2228 567 2303 598 nos
2331 557 2545 611 quicquam

213 641 305 671 esse
334 641 530 672 sensuros
557 636 693 686 negat.
751 627 808 671 111
835 627 1058 670 845—502

730 715 831 756 nec,
860 704 895 745 si
924 704 1129 744 materiem
1160 706 1340 743 nostram
1369 701 1581 755 collegerit
1608 706 1718 742 aetas

732 782 824 831 post
853 777 1005 818 obitum
1034 787 1276 829 rursumque
1305 775 1513 829 redegerit
1543 781 1586 817 ut
1612 776 1690 817 sita
1720 787 1825 817 nuuc
1854 781 1940 825 est,

735 856 854 905 atque
883 851 1028 894 iterum
1059 849 1174 891 nobis
1203 848 1353 890 fuerint
1382 848 1473 892 data
1501 847 1649 891 lumina
1678 849 1806 903 vitae,

733 925 933 978 pertineat
962 925 1172 977 quicquam
1201 929 1334 965 tamen
1362 924 1411 965 ad
1442 936 1516 965 nos
1546 925 1586 965 id
1614 937 1774 979 quoque
1804 926 1971 978 sactum,

730 1000 956 1053 interrupta
984 998 1110 1039 semel
1139 1010 1230 1038 cum
1260 999 1312 1039 sit
1340 1000 1554 1041 retinentia
1583 1000 1723 1040 nostri.

213 1076 339 1123 Quam
369 1075 598 1128 opinionem
628 1074 681 1115 Μ.
712 1073 925 1114 Terentius
955 1073 1085 1112 Varro
1115 1073 1154 1112 in
1185 1072 1321 1123 libris,
1357 1085 1459 1126 quos
1487 1074 1728 1126 conscripsit
1756 1073 1806 1114 de
1836 1079 1958 1127 gente
1988 1074 2120 1126 populi
2150 1073 2329 1124 Romani,
2358 1086 2539 1116 comme·-

212 1146 384 1189 moravit
425 1147 488 1189 his
525 1146 660 1188 verbis
685 1145 751 1202 ¹):
810 1144 1084 1198 „Genethliaci
1132 1144 1291 1198 quidam
1330 1146 1579 1199 scripserunt
1625 1159 1718 1189 esse
1742 1129 1803 1189 xin
1852 1148 2108 1190 renascendis
2157 1147 2381 1190 hominibus
2421 1160 2538 1202 quam

210 1221 413 1276 appellant
453 1218 769 1275 πάλιγγενεσιάν
807 1221 971 1262 Graeci:
1031 1220 1104 1261 hac
1149 1220 1400 1273 scripserunt
1436 1220 1578 1263 confici
1625 1221 1665 1262 in
1714 1222 1829 1263 annis
1873 1235 2041 1265 numero
2088 1223 2389 1279 quadringentis
2434 1235 2538 1278 qua-

209 1297 418 1352 draginta,
455 1303 500 1338 ut
529 1296 637 1338 idem·
663 1308 812 1349 corpus
848 1301 890 1336 et
919 1295 1057 1336 eadem
1098 1295 1248 1347 anima,
1284 1307 1387 1349 quae
1424 1295 1572 1337 suerint
1601 1296 1812 1337 coniuncta
1850 1296 1890 1337 in
1927 1298 2086 1339 homine
2123 1298 2356 1352 aliquando,
2396 1298 2536 1340 eadem

209 1383 352 1412 rursus
401 1370 568 1412 redeant
615 1371 656 1411 in
704 1371 1069 1410 coniunctionem.“
1127 1369 1211 1409 Nec
1257 1382 1358 1410 vero
1402 1370 1613 1410 Lucretius
1661 1370 1822 1423 Epicuri
1865 1378 1906 1411 et
1956 1372 2199 1413 Graecorum
2247 1373 2532 1425 discipulorum

209 1445 480 1499 arrogantiam
497 1444 604 1485 illam
624 1444 925 1485 contradicendi
944 1450 984 1484 et
1013 1444 1188 1484 studium
1206 1443 1415 1483 cavillandi
1445 1445 1619 1485 imitatus
1638 1446 1907 1486 Democritum
1938 1447 2207 1499 reprehendit.
2240 1448 2383 1489 Procul
2412 1449 2534 1491 dubio

206 1518 346 1570 vidit,-
369 1530 461 1558 cum
490 1518 650 1559 acriore
693 1518 899 1571 diligentia
938 1524 979 1559 et
1015 1518 1204 1570 aequiore
1243 1517 1374 1558 animo
1410 1518 1627 1559 Democriti
1665 1519 1828 1560 decreta
1869 1521 2142 1572 perquireret,
2185 1522 2382 1563 immerito
2425 1522 2535 1563 illum
2609 1520 2612 1523 ’

206 1590 256 1632 ab
285 1591 462 1645 Epicuro
491 1596 625 1632 tantae
654 1591 939 1632 sententiarum
969 1591 1257 1631 inconstantiae
1285 1592 1464 1631 accusari
1486 1592 1545 1645 ²).
1603 1593 1717 1640 Quod
1747 1594 1851 1633 enim
1882 1594 2012 1634 Procli
2042 1595 2268 1636 testimonio
2298 1601 2464 1646 constat,
2494 1595 2535 1635 in

205 1664 275 1706 illo
304 1655 464 1718 quidem
494 1664 545 1706 de
573 1664 711 1706 inferis
740 1664 843 1705 libro
862 1664 1115 1705 Democritus
1145 1664 1337 1717 exemplis
1366 1665 1597 1707 ostenderat
1624 1666 1808 1707 accidere
1836 1679 2130 1721 nonnunquam,
2161 1674 2204 1709 ut
2224 1669 2312 1721 quis
2343 1669 2532 1722 graviore

208 1739 379 1791 quodam
410 1739 492 1779 ictu
520 1750 737 1789 percussus
766 1743 884 1790 atque
914 1750 1132 1789 oppressus
1162 1750 1256 1777 mox
1285 1738 1333 1777 ad
1363 1739 1482 1778 vitam
1512 1739 1682 1786 rediret3
1721 1742 1835 1780 cuius
1864 1742 1925 1780 rei
1955 1753 2135 1781 caussam
2166 1753 2282 1790 esse,
2321 1742 2429 1794 quod
2459 1754 2531 1781 se-

207 1814 313 1853 mina
342 1811 533 1864 quaedam
564 1811 695 1853 vitalia
724 1812 764 1851 in
795 1811 940 1852 intimis
970 1812 1103 1851 cordis
1133 1811 1361 1852 recessibus
1390 1812 1550 1853 latentia
1580 1814 1888 1864 remansissent,
1919 1814 2060 1866 quibus
2083 1814 2262 1855 collectis
2293 1815 2372 1854 vita
2401 1814 2533 1854 denuo

198 1890 341 1939 posset
369 1884 530 1925 incendi
550 1884 607 1938 ³).
666 1884 871 1926 Eiusmodi
909 1884 1089 1936 exempla
1126 1890 1349 1925 atomorum
1379 1884 1582 1926 doctrinae
1624 1887 1792 1926 maximo
1822 1898 2002 1940 congrua
2027 1887 2241 1928 Lucretius
2282 1888 2462 1939 probavit
2492 1892 2533 1927 et

203 1958 323 2012 plane
351 1957 492 2000 similia
521 1958 608 2012 ipse
636 1957 803 2011 protulit
831 1958 871 2000 in
901 1957 1004 1999 libro
1037 1957 1069 1999 ll
1100 1956 1310 2001 944-63.
1352 1958 1449 1999 Cum
1478 1972 1558 2013 quo
1588 1960 1680 2002 loco
1710 1959 1886 2001 conferri
1916 1966 2103 2013 poterunt
2131 1961 2222 2003 libri
2253 1961 2358 2003 tertii
2388 1972 2532 2003 versus

203 2030 418 2073 465-70.
449 2030 690 2072 590-605.
750 2031 830 2073 Sed
858 2031 956 2073 haec
985 2031 1189 2073 hactenus.
2096 2021 2105 2025 χ

321 2105 548 2147 inferorum
585 2106 651 2147 illa
690 2105 886 2158 formido,
930 2118 1034 2160 quae
1063 2106 1263 2148 hominum
1303 2110 1455 2147 mentes
1486 2105 1744 2147 vehementer
1774 2106 1964 2156 vexabat,
2006 2106 2177 2147 maxime
2207 2111 2293 2147 erat
2334 2105 2461 2158 posita
2491 2105 2531 2146 in

204 2180 443 2221 daemonum
473 2180 600 2231 cultu,
628 2180 679 2220 ad
707 2192 825 2233 quem
851 2181 960 2220 varia
990 2180 1241 2232 pertinebant
1269 2180 1561 2231 superstitionis
1590 2191 1755 2232 genera,
1784 2180 1893 2221 velut
1915 2180 2127 2231 divinatio,
2157 2179 2337 2229 oracula,
2365 2178 2534 2229 somnia,

201 2254 394 2295 sollennia
433 2265 549 2294 sacra
586 2254 786 2306 placandis
822 2254 1043 2295 inferorum
1081 2254 1307 2294 numinibus
1346 2253 1524 2294 instituta
1541 2251 1603 2305 ¹⁴).
1658 2252 1808 2301 Quibus
1847 2252 2109 2305 religionibus
2147 2252 2314 2294 maxime
2353 2251 2535 2303 implica·

203 2333 270 2368 tus
299 2326 374 2367 fuit
401 2326 662 2369 Xenocrates.
707 2326 762 2378 ls,
791 2338 882 2367 cum
911 2326 1022 2381 vulgi
1051 2326 1246 2367 sollennia
1275 2327 1415 2368 tetrica
1443 2332 1484 2367 et
1513 2324 1674 2366 horrida
1704 2338 1779 2366 nec
1808 2326 2071 2379 comprobare
2101 2338 2177 2367 nec
2205 2326 2349 2367 tollere
2379 2325 2536 2378 potuis-

205 2406 290 2451 set,
330 2412 352 2440 a
382 2401 477 2440 Deis
508 2406 548 2442 et
576 2400 836 2442 daemonibus
867 2401 1071 2441 benevolis
1101 2401 1315 2441 daemones
1354 2400 1586 2452 segregavit
1617 2399 1838 2450 maleficos,
1878 2401 2094 2451 immanes,
2131 2401 2171 2439 in
2202 2404 2296 2439 aere
2326 2405 2535 2453 vagantes,

204 2473 275 2525 qui
303 2473 380 2516 soli
408 2474 588 2524 ieiuniis,
626 2473 871 2526 planctibus,
910 2474 1128 2515 maledictis
1157 2475 1410 2526 lasciviisque
1448 2473 1628 2526 placandi
1664 2480 1800 2514 essent
1824 2473 1882 2527 ⁵).
1942 2474 2049 2514 ldem
2088 2473 2346 2526 philosophus
2374 2473 2534 2514 videtur

203 2546 394 2590 statuisse
432 2547 636 2593 hominum
675 2548 827 2589 animos
857 2555 947 2590 ante
975 2548 1077 2589 hanc
1106 2549 1227 2590 vitam
1257 2548 1491 2589 daemonum
1530 2548 1663 2600 specie
1701 2536 1860 2590 indutos
1890 2548 1931 2588 in
1960 2552 2054 2589 aere
2084 2547 2272 2589 volitasse
2291 2546 2350 2601 ⁶).
2409 2548 2534 2596 Quam

205 2620 444 2663 daemonum
474 2622 649 2676 speciem
679 2628 770 2664 ante
797 2622 1064 2663 Xenocratem
1095 2634 1185 2664 cum
1214 2622 1279 2663 alii
1307 2628 1390 2664 tum
1419 2621 1681 2674 Empedocles
1710 2626 1751 2663 et
1768 2621 1877 2662 Plato
1908 2622 2047 2663 animis
2076 2620 2256 2664 humanis
2286 2621 2534 2670 tribuerunt3

363 2791 391 2833 ¹)
421 2791 476 2825 Cl'.
501 2792 538 2825 S.
568 2791 751 2833 Augustin.
780 2793 821 2824 de
848 2792 937 2824 civit.
965 2793 1030 2824 Dei
1057 2793 1118 2825 lib.
1146 2792 1254 2825 XXII
1281 2801 1310 2823 c.
1340 2790 1398 2823 28.
1429 2808 1475 2813 —
1503 2788 1534 2832 2)
1571 2791 1626 2822 Ex
1646 2791 1822 2834 Epicureis
1852 2793 1918 2824 duo
1946 2797 2074 2824 tantum
2101 2792 2265 2824 nominari
2299 2798 2441 2833 possunt
2466 2792 2536 2825 De-

358 2853 490 2885 mocriti
522 2852 715 2884 laudatores
750 2851 992 2892 Philodemus,
1025 2852 1214 2894 Epicureus
1253 2852 1464 2883 doctissimus
1502 2850 1590 2889 (Cic.
1626 2853 1667 2884 de
1707 2853 1763 2883 fin.
1798 2853 1836 2884 11
1870 2851 1930 2892 35,
1970 2851 2052 2884 118.
2113 2851 2168 2884 cf.
2198 2852 2367 2883 Mullach.
2394 2852 2419 2886 l.
2447 2852 2471 2883 l.
2499 2862 2533 2894 p.

366 2910 453 2953 110)
486 2918 529 2953 et,
566 2911 623 2954 qui
655 2911 749 2943 illins
783 2910 929 2944 sortasse
964 2913 1095 2945 auditor
1125 2912 1200 2953 fuit,
1235 2912 1423 2945 Lucretius.
1475 2911 1541 2943 Hic
1575 2911 1759 2944 Democriti
1796 2912 1992 2944 memoriam
2025 2912 2106 2943 colit
2139 2912 2173 2943 in
2209 2911 2286 2943 libr.
2322 2911 2380 2943 111
2421 2909 2530 2950 10373

361 2972 505 3005 eundem
539 2971 657 3004 laudat
690 2971 748 3004 111
784 2970 855 3006 371
885 2978 918 3004 et
943 2971 978 3005 V
1005 2970 1099 3013 620,
1133 2972 1192 3005 ubi
1225 2972 1297 3004 eius
1331 2972 1466 3004 decreta
1500 2972 1677 3014 proponit3
1720 2971 1787 3004 alio
1823 2972 1898 3004 loco
1933 2971 1972 3004 11
2013 2967 2184 3004 114-23
2223 2971 2373 3004 eiusdem
2407 2971 2448 3003 de
2481 2982 2534 3003 ra-

357 3032 478 3064 mentis
505 3032 540 3064 in
567 3032 640 3064 sole
665 3031 882 3064 volitantibus
910 3033 1109 3065 sententiam
1135 3033 1274 3065 adhibet
1299 3033 1342 3064 ad
1369 3038 1556 3065 atomorum
1595 3037 1704 3064 motus
1732 3032 1962 3074 explicandos.
2019 3031 2074 3064 Cf.
2102 3032 2208 3064 Arist.
2236 3032 2279 3063 de
2306 3041 2361 3063 an.
2389 3031 2408 3063 Ι
2437 3031 2471 3071 2,
2497 3030 2533 3063 3.

358 3090 415 3124 cf.
442 3090 668 3124 Trendelenb.
705 3091 740 3123 in
766 3097 944 3124 comment.
981 3108 1028 3114 —-
1066 3091 1096 3130 3)
1133 3092 1251 3124 Procli
1285 3092 1397 3124 locum
1431 3093 1464 3123 in
1492 3092 1741 3124 Commentario
1778 3093 1820 3123 ad
1847 3091 2002 3123 Platonis
2028 3092 2069 3122 de
2104 3101 2175 3133 rep.
2212 3091 2287 3122 libr.
2315 3091 2349 3123 X
2375 3091 2449 3121 vide
2477 3101 2533 3132 ap.

355 3149 596 3192 Wyttenbach.
632 3150 656 3183 1.
684 3150 708 3183 l.
736 3156 771 3184 et
794 3150 961 3184 Mullach.
990 3151 1013 3185 1.
1041 3151 1065 3184 1.
1101 3168 1149 3174 -
1182 3146 1217 3192 ιθ)
1254 3149 1309 3184 cf.
1346 3151 1541 3184 Lactantius
1568 3150 1607 3184 11
1641 3151 1682 3183 de
1708 3151 1792 3192 orig.
1822 3151 1945 3183 erroris
1971 3161 2001 3183 c.
2035 3145 2193 3183 14—18.
2229 3167 2277 3174 —
2314 3147 2347 3190 ⁵)
2381 3150 2533 3182 Lobeck.

356 3208 535 3252 Aglaoph.
563 3210 582 3243 I
609 3219 642 3253 p.
671 3208 757 3244 696.
810 3210 969 3243 Braudis.
997 3210 1010 3242 1
1037 3210 1061 3243 l.
1088 3210 1126 3243 11
1154 3210 1177 3245 2
1203 3220 1238 3254 p.
1267 3208 1325 3243 26.
1363 3227 1405 3234 —
1445 3205 1477 3251 ⁰)
1511 3210 1669 3243 Krische.
1697 3210 1721 3242 l.
1750 3210 1773 3243 l.
1802 3220 1836 3253 p.
1873 3208 1960 3244 321.
