2744 3711
1208 212 1368 275 0-ss
1434 256 1483 266 .-

186 361 431 406 Dicaearcho
470 361 629 414 quidem
667 367 709 403 et
746 361 993 404 Aristoxeno
1031 367 1190 405 constat
1224 362 1351 407 fuisse
1384 362 1483 405 illud
1510 362 1721 405 offensioni
1760 363 1977 413 maximae,
2022 363 2130 416 quod
2168 364 2290 406 animi
2321 370 2465 407 natura
2489 378 2513 407 a

182 447 355 489 corpore
382 440 580 488 mata,
608 435 703 488 quid
731 446 805 488 per
834 446 887 477 se
908 440 1033 486 esset,
1061 435 1235 491 intelligi
1262 447 1343 478 non
1370 441 1521 490 posset.
1564 436 1756 489 Uterque,
1784 442 1828 479 ut
1856 437 1912 479 ait
1938 436 2098 488 Cicero,
2125 438 2218 490 qaia
2244 437 2403 480 dificilis
2423 445 2514 481 erat

181 508 334 560 anirni,
358 507 456 561 quid
484 513 559 550 aut
586 508 715 561 qualis
741 512 874 558 emet,
916 507 1203 563 intelligent'm,
1245 508 1395 566 nullum
1431 509 1593 552 omnino
1630 501 1803 551 animum
1840 521 1936 552 osse
1969 509 2075 552 dixit
2100 508 2155 565 ¹).
2215 510 2325 553 idem
2369 509 2512 553 Cicero

184 595 236 625 ex
291 581 406 625 libris
440 580 681 624 Dieaecrchi
717 581 981 624 Corinthiacis
1019 582 1121 625 lianc
1165 582 1403 626 ”mutim
1446 581 1563 625 affert
1580 580 1648 638 2):
1697 581 1825 635 „nihil
1867 595 1963 625 esse
2017 583 2181 625 omnino
2223 584 2419 637 animum,
2464 589 2506 626 et

183 658 264 698 hoc
287 668 379 699 esse
407 668 551 697 nomeu
581 661 706 697 totum
736 656 876 708 inane,
915 655 1144 709 frustraque
1172 655 1354 698 mimalia
1377 661 1422 697 et
1450 656 1670 699 animantes
1700 656 1910 709 appellari;
1946 668 2079 710 neque
2108 657 2149 699 in
2188 657 2347 699 homine
2374 659 2511 700 inesse

182 729 353 770 animum
382 728 448 769 vel
476 728 671 780 animam,
697 741 773 769 nec
802 729 843 769 in
871 729 1021 777 bestia3
1050 729 1210 782 vimque
1236 741 1392 771 omnem
1421 741 1525 781 eam,
1564 741 1644 782 qua
1671 730 1738 770 vel
1767 740 1933 785 agamus
1962 730 2073 783 quid,
2106 730 2172 771 vel
2199 731 2429 783 sentiamus,
2467 732 2509 773 ia

182 802 366 842 omnihus
404 801 644 853 corporibus
673 800 776 842 vivis
806 801 1067 853 aequabiliter
1105 799 1233 842 fusam
1269 812 1345 842 nec
1373 800 1635 854 separabilem
1672 814 1694 841 a
1723 812 1897 853 corpore
1926 812 2045 851 esse,
2082 802 2230 854 quippe
2267 814 2370 855 quae
2404 803 2509 844 nulla

181 872 258 926 sit,
275 884 362 914 -nec
390 872 442 915 sit
470 871 684 928 quidquam
712 872 788 915 nisi
817 884 966 927 corpus
994 884 1127 915 unum-
1144 878 1186 915 ot
1214 871 1403 927 simplex,
1440 872 1495 914 ita
1521 871 1760 928 figuratum,
1788 879 1835 915 ut
1861 873 2152 927 temperatione
2180 880 2347 917 naturae
2375 875 2509 930 vigeat

178 951 220 988 et
250 946 439 989 sentiat“.
469 946 559 994 Non
588 946 702 989 aliter
731 946 817 988 fere
845 946 1060 999 disputavit
1088 946 1371 997 Aristoxenus,
1399 958 1520 1000 quem
1536 947 1679 989 Cicero
1707 946 1848 989 irridet
1862 946 1934 1002 ³J:
1963 948 2043 1000 „Ut
2073 948 2185 990 multi
2213 954 2305 994 ante
2332 955 2509 1000 veteres,

179 1020 362 1073 proxime
391 1025 525 1063 autem
553 1021 843 1072 Aristoxenus,
887 1020 1061 1062 musicus
1089 1019 1273 1073 idemque
1301 1019 1581 1073 philosophus,
1618 1020 1746 1073 ipsius
1776 1021 1960 1073 corporis
1997 1021 2257 1064 intentionem
2286 1021 2481 1075 quandam
2495 1034 2508 1071 ;
2581 1076 2584 1079 Ι

180 1093 292 1136 velut
330 1094 371 1136 in
402 1100 520 1137 cantu
557 1100 598 1137 et
634 1094 778 1137 fidibus
804 1106 909 1148 quae
944 1093 1148 1135 harmonia
1176 1093 1347 1145 dicitur,
1384 1093 1443 1136 sic
1482 1104 1535 1135 ex
1563 1093 1747 1146 corporis
1785 1093 1910 1137 totius
1950 1099 2092 1137 natura
2127 1100 2171 1137 et
2214 1094 2346 1149 figura
2373 1096 2508 1138 varios

181 1175 311 1211 motus
348 1168 471 1221 cieri,
511 1175 693 1222 tanquam
730 1169 769 1209 in
808 1174 926 1211 cantu
956 1180 1093 1209 sonos.
1150 1167 1223 1209 Hic
1265 1167 1316 1209 ab
1344 1166 1512 1210 artificio
1549 1180 1625 1209 suo
1656 1180 1734 1209 non
1772 1168 1942 1210 recessit
1970 1174 2011 1211 et
2047 1174 2180 1210 tamea
2208 1163 2311 1210 dixit
2345 1167 2506 1222 aliquid,

179 1240 286 1295 quod
315 1241 445 1294 ipsum
476 1242 592 1295 quale
617 1248 750 1294 esset,
788 1248 872 1282 erat
904 1241 1027 1282 multo
1056 1247 1149 1282 ante
1185 1248 1227 1283 et
1254 1240 1403 1283 dictum
1418 1247 1462 1283 et
1489 1240 1741 1294 explanatum
1770 1253 1793 1281 a
1822 1240 2027 1283 Platone“.
2087 1241 2328 1283 Harmoniae
2361 1254 2508 1283 nomen

122 1341 130 1350 -
179 1315 422 1356 Dicaearcho
451 1328 612 1369 quoque
640 1316 840 1368 placuisse
870 1322 1064 1356 testantur
1094 1314 1328 1356 Plutarchus
1358 1321 1398 1356 et
1425 1314 1621 1356 Stohaeus
1631 1313 1695 1369 ¹⁵).
1714 1338 1768 1345 —
1799 1315 1896 1355 Cum
1928 1316 2086 1356 duobus
2114 1316 2203 1358 istis
2231 1315 2507 1368 Peripateticis

178 1388 310 1430 Strato
339 1388 637 1442 componendus
666 1395 728 1431 est
756 1389 1062 1442 Lampsacenus,
1092 1387 1355 1441 Theophrasti
1382 1386 1601 1440 discipulus
1630 1394 1671 1430 et
1697 1387 1738 1428 in
1768 1387 1903 1443 Lyceo
1932 1400 2158 1430 successor.
2188 1388 2263 1430 Hic
2292 1400 2373 1430 non
2404 1387 2506 1429 adeo

177 1461 335 1513 quidem
365 1474 455 1502 cum
485 1463 562 1503 illis
602 1464 826 1513 consensit,
864 1469 907 1503 ut
935 1462 1032 1502 nihil
1061 1462 1221 1503 omnino
1250 1461 1403 1502 diceret
1431 1462 1603 1502 animum
1632 1473 1739 1501 esse:
1787 1461 1859 1502 sed
1887 1462 2005 1503 sicuti
2034 1462 2189 1514 reliqua
2216 1474 2291 1503 sua
2322 1462 2506 1503 doctrina

177 1532 352 1575 scholam
372 1534 531 1587 reliquit
553 1535 798 1588 longissime,
829 1535 883 1576 ita
903 1534 942 1575 in
963 1534 1028 1575 illa
1046 1534 1097 1575 de
1116 1534 1245 1575 anima
1264 1533 1444 1575 doctrina
1466 1539 1638 1575 mentem
1657 1528 1877 1585 simplicem
1895 1540 1936 1576 et
1965 1534 2205 1577 immobilem
2234 1534 2349 1587 plane
2377 1546 2507 1586 repu-

177 1605 299 1650 diavit
327 1607 511 1661 illiusque
541 1609 621 1650 vim
651 1621 740 1651 cum
772 1620 895 1651 sensu
931 1612 1010 1649 tam
1038 1613 1126 1650 arte
1155 1606 1383 1657 coniunxit,
1420 1613 1466 1650 ut
1504 1612 1655 1650 tantum
1696 1618 1777 1649 nou
1807 1619 1946 1656 omne,
1984 1608 2093 1660 quod
2121 1607 2362 1651 Aristoteles
2400 1607 2506 1649 iuter

177 1683 384 1732 utramque
427 1686 578 1733 partem
618 1679 823 1731 voluerat,
868 1679 1083 1722 discrimen
1122 1678 1305 1722 videatur
1355 1678 1565 1721 sustulisse
1588 1679 1647 1734 ⁵).
1724 1678 1823 1721 Nam
1870 1686 2042 1723 mentem
2092 1681 2243 1734 putavit
2290 1692 2370 1722 una
2411 1691 2504 1721 cum

177 1752 304 1793 anima
344 1754 497 1795 moveri
544 1753 787 1807 alteramque
825 1758 975 1806 partem
1012 1752 1127 1795 alteri
1165 1752 1205 1794 in
1254 1763 1388 1793 rerum
1427 1752 1688 1806 perceptione
1726 1764 1893 1806 prorsus
1929 1753 2192 1807 respondere.
2252 1753 2389 1803 Quare
2428 1753 2506 1795 de-

178 1828 306 1869 crevit
346 1827 441 1868 nihil
480 1841 603 1870 sensu
642 1828 792 1882 percipi
832 1840 966 1881 posse,
1001 1828 1078 1869 nisi
1116 1832 1249 1868 mente
1286 1832 1496 1879 praesente
1529 1833 1569 1869 et
1607 1826 1724 1867 simul
1763 1832 1977 1879 operante,
2016 1827 2111 1869 nihil
2148 1826 2318 1881 intelligi
2355 1832 2505 1877 mente,

178 1901 253 1942 nisi
292 1901 397 1955 quod
445 1902 628 1943 sensibus
667 1908 758 1944 ante
806 1908 914 1943 esset
961 1906 1192 1955 perceptum
1222 1899 1282 1956 ⁶).
1353 1901 1465 1950 Quae
1503 1899 1678 1942 delinitio
1717 1912 1815 1942 sane
1853 1900 2064 1942 admodum
2102 1907 2166 1943 est
2210 1900 2419 1955 ambigua,
2460 1906 2505 1941 ut

177 1987 289 2017 mens
329 1982 370 2018 et
409 1987 554 2019 sensus
592 1976 660 2018 vix
698 1976 851 2029 possint
886 1976 993 2017 inter
1030 1988 1076 2018 se
1114 1975 1301 2017 discerni.
1358 1975 1603 2028 Quamquam
1640 1974 1799 2026 Strato,
1837 1973 1943 2028 quod
1982 1974 2086 2022 infra
2123 1973 2270 2016 clarius
2312 1972 2504 2024 elucebit,

175 2048 408 2091 Aristotelis
443 2055 485 2092 et
523 2050 784 2102 Theophrasti
831 2049 927 2091 illud
965 2049 1151 2101 placitum
1184 2047 1347 2089 ‘videtur
1384 2047 1636 2101 defendisse,
1676 2048 1717 2090 iu
1764 2053 1903 2090 mente
1939 2060 2031 2106 esse
2068 2048 2342 2101 principatum.
2398 2046 2504 2089 Num

176 2132 275 2162 vero
309 2127 481 2163 mentem
497 2122 684 2163 ,voluerit
720 2122 996 2172 immortalem,
1032 2121 1149 2162 valde
1178 2127 1242 2162 est
1270 2120 1536 2161 dubitandum.
1595 2120 1710 2170 Quod
1747 2121 1822 2173 ipsi
1849 2120 2061 2161 Aristoteli
2088 2131 2229 2173 parum
2261 2120 2505 2174 contigerat,

177 2194 217 2235 id
254 2193 387 2237 Strato
425 2195 549 2249 ipsius
587 2195 745 2249 quidem
784 2194 989 2236 doctrinae
1026 2195 1181 2237 ratione
1218 2193 1379 2235 efficere
1416 2194 1524 2236 nulla
1561 2193 1690 2247 potuit
1711 2192 1771 2248 ⁷).

348 2267 483 2321 ltaque
513 2282 564 2310 ox
594 2269 822 2311 Aristotelis
850 2268 985 2311 schola
1012 2273 1098 2310 tres
1126 2267 1372 2321 philosophi,
1408 2280 1484 2309 nec
1513 2267 1551 2309 ei
1576 2266 1801 2322 ignobiles,
1826 2266 2077 2319 prodierunt,
2101 2266 2170 2320 qui
2197 2264 2505 2308 inmortalitat’u

179 2337 404 2391 opinionem
442 2341 699 2392 abiecerunt,
735 2340 1017 2392 Dicaearchus,
1054 2341 1335 2391 Aristoxenus,
1364 2339 1520 2382 Strato.
1574 2340 1645 2381 His
1682 2338 1956 2392 Peripateticis
1994 2339 2073 2381 iam
2110 2338 2390 2393 adiungendus
2429 2346 2506 2390 est,

178 2412 245 2465 qui
293 2413 431 2454 eadem
479 2420 606 2455 aetate
653 2414 934 2457 immortalitati
975 2414 1229 2456 adversarius
1274 2413 1404 2456 extitit
1442 2413 1685 2465 acerrimus,
1732 2412 1942 2465 Epicurus.
2000 2412 2099 2454 Cum
2144 2411 2223 2455 hoc
2269 2411 2504 2466 philosopho

177 2484 311 2527 Strato
348 2486 470 2527 multa
507 2486 643 2529 habuit
686 2488 908 2529 communia
928 2487 998 2543 ⁸);
1042 2488 1119 2529 etsi
1164 2486 1215 2527 de
1254 2486 1487 2540 quibusdam
1533 2485 1687 2540 placitis
1734 2497 1824 2526 cum
1869 2497 1920 2527 eo
1958 2485 2205 2527 discordavit
2256 2491 2296 2526 et
2334 2490 2504 2526 contro·

178 2558 354 2598 versiam
401 2559 567 2601 instituit
597 2561 660 2614 ⁹),
706 2561 793 2602 siue
836 2560 1063 2613 Lampsaci,
1110 2561 1178 2601 ubi
1224 2560 1419 2614 Epicurus
1467 2558 1754 2613 philosophiam
1797 2560 1949 2613 aliquot
1995 2570 2121 2600 annos
2170 2557 2377 2611 profusus
2424 2563 2503 2608 est,

177 2630 264 2671 sive
302 2632 494 2683 Athenis,
543 2633 611 2675 ubi
649 2633 716 2675 ille
753 2633 967 2686 Lampsaco
1005 2634 1146 2677 relicto
1184 2634 1224 2676 in
1263 2633 1389 2676 hortis
1428 2633 1603 2676 scholam
1639 2633 1816 2675 condidit
1860 2639 1901 2674 et
1940 2632 2120 2686 magistri
2157 2641 2327 2673 munere
2376 2641 2505 2684 usqum

180 2764 343 2772 —

334 2845 362 2887 ¹)
392 2847 463 2881 Cic.
482 2848 584 2882 Tusc.
613 2850 631 2882 Ι
659 2849 717 2891 22,
745 2849 804 2883 51.
835 2864 882 2872 —
914 2848 944 2891 ²)
973 2850 1045 2884 Cic.
1072 2851 1175 2884 Tusc.
1203 2851 1222 2884 1
1253 2850 1308 2892 10,
1335 2849 1393 2882 21.
1422 2849 1607 2882 Jamblich.
1634 2860 1690 2892 ap.
1718 2848 1813 2882 Stob.
1842 2848 1906 2881 ecl.
1934 2848 2034 2891 phys.
2061 2847 2092 2881 Ι.
2119 2857 2155 2890 p.
2183 2845 2272 2879 871.
2298 2863 2342 2870 —
2371 2844 2400 2885 ³)
2432 2846 2518 2881 Oics

329 2903 432 2937 Tusc.
461 2906 480 2938 Ι
511 2906 566 2948 10,
595 2907 655 2941 20.
708 2907 803 2941 Stob.
830 2908 894 2941 ecl.
922 2908 1021 2951 phys.
1049 2909 1068 2941 Ι
1094 2918 1129 2952 p.
1158 2908 1244 2943 922.
1282 2923 1327 2929 --
1362 2903 1393 2946 ¹⁴)
1422 2907 1514 2940 Plut.
1541 2908 1632 2950 plac.
1660 2907 1746 2950 phil.
1773 2906 1826 2939 1v
1854 2906 1889 2938 2.
1942 2905 2039 2940 Stob.
2065 2905 2090 2937 1.
2116 2904 2141 2937 1.
2170 2904 2189 2938 Ι
2212 2915 2247 2948 p.
2276 2903 2365 2939 ¹796.
2396 2920 2439 2928 —
2475 2903 2504 2946 ⁵)

332 2962 518 3004 caussam,
554 2975 614 2998 cur
639 2966 751 2998 Strato
777 2972 922 2998 mentem
948 2968 1081 2998 animae
1106 2968 1223 2999 artiori
1248 2976 1338 2999 nexu
1367 2966 1529 3004 iunxerit,
1564 2966 1703 3007 exponit
1731 2964 1973 2997 Nauwerckius
2000 2965 2042 2996 de
2069 2963 2228 2996 Stratom
2256 2965 2507 3007 Lampsaceno.

330 3019 484 3056 Berolini
521 3022 618 3059 1836
655 3035 690 3068 p.
722 3019 780 3059 14.
832 3018 864 3066 ⁰)
898 3023 974 3059 1100
1007 3024 1177 3059 decretum
1211 3024 1343 3059 duobus
1373 3023 1592 3065 testimoniis,
1626 3023 1734 3058 altero
1759 3022 1924 3067 Simplicii
1960 3023 1996 3057 in
2024 3021 2126 3066 phys.
2152 3021 2264 3058 Arist.
2291 3021 2353 3057 fol.
2384 3021 2458 3057 225
2487 3034 2508 3056 a.

331 3076 415 3122 [ὅσα
443 3097 490 3105 -—
515 3083 566 3127 μιὶ
594 3081 771 3130 πρότερον
796 3079 955 3128 ἑώρακεν
981 3081 1016 3126 (15-
1043 3080 1155 3128 ψυχή)
1180 3083 1286 3117 ταῦτα
1318 3081 1360 3117 οὐ
1384 3079 1536 3116 doraum
1561 3079 1698 3126 νοεῖν1,
1738 3082 1846 3116 altero
1871 3081 2051 3115 Plutarchi
2076 3081 2119 3115 de
2147 3080 2262 3115 solert.
2289 3081 2392 3115 auhn.
2422 3079 2446 3114 3
2472 3090 2509 3124 p.

336 3135 405 3170 141
438 3137 534 3180 [οὐδ’
556 3140 803 3175 αἰσθάνεσθαι
830 3139 993 3174 -»ἇνευ
1018 3143 1079 3173 τοῦ
1104 3140 1223 3184 νοεῖν]
1249 3141 1449 3175 Nauwerek.
1475 3141 1578 3175 efficit
1604 3152 1639 3184 p.
1674 3141 1730 3174 16.
1760 3158 1808 3165 -
1838 3140 1868 3183 ⁷)
1896 3140 2099 3174 Nauwerck.
2126 3150 2162 3183 p.
2194 3140 2251 3173 17.
2283 3155 2327 3162 -
2357 3133 2390 3182 ⁸)
2420 3140 2529 3173 Ten·-

332 3207 489 3230 uemanu.
518 3201 595 3231 hist.
622 3202 746 3242 philos.
775 3202 832 3232 111
859 3211 893 3242 p.
921 3201 1008 3233 337.
1038 3217 1086 3224 -
1112 3195 1145 3239 ⁹)
1170 3202 1316 3233 Krische
1342 3201 1395 3231 die
1420 3201 1570 3241 theolog.
1595 3201 1732 3232 Lehren
1759 3202 1818 3231 der
1844 3201 1974 3241 griech.
2002 3200 2141 3232 Denker
2167 3210 2202 3241 p.
2231 3198 2318 3231 353.
