<?xml version="1.0" encoding="UTF-8"?>
<!DOCTYPE html PUBLIC "-//W3C//DTD XHTML 1.0 Transitional//EN"
    "http://www.w3.org/TR/xhtml1/DTD/xhtml1-transitional.dtd">
<html xmlns="http://www.w3.org/1999/xhtml" xml:lang="en" lang="en">
 <head>
  <title>
</title>
<meta http-equiv="Content-Type" content="text/html;charset=utf-8" />
  <meta name='ocr-system' content='tesseract 3.04.00' />
  <meta name='ocr-capabilities' content='ocr_page ocr_carea ocr_par ocr_line ocrx_word'/>
</head>
<body>
  <div class='ocr_page' id='page_1' title='image "4770472_0014.png"; bbox 0 0 2744 3711; ppageno 0'>
   <div class='ocr_carea' id='block_1_1' title="bbox 1229 187 1485 227">
    <p class='ocr_par' dir='ltr' id='par_1_1' title="bbox 1229 187 1485 227">
     <span class='ocr_line' id='line_1_1' title="bbox 1229 187 1485 227; baseline -0.008 -9"><span class='ocrx_word' id='word_1_1' title='bbox 1229 187 1485 227; x_wconf 78' lang='grc'><strong>-8-</strong></span> 
     </span>
    </p>
   </div>
   <div class='ocr_carea' id='block_1_2' title="bbox 126 314 2532 1258">
    <p class='ocr_par' dir='ltr' id='par_1_2' title="bbox 126 314 2532 959">
     <span class='ocr_line' id='line_1_2' title="bbox 185 314 2525 373; baseline 0.001 -17"><span class='ocrx_word' id='word_1_2' title='bbox 185 315 278 356; x_wconf 86' lang='lat' dir='ltr'><strong>culo</strong></span> <span class='ocrx_word' id='word_1_3' title='bbox 299 315 499 370; x_wconf 73' lang='lat' dir='ltr'><strong>obnoxius</strong></span> <span class='ocrx_word' id='word_1_4' title='bbox 526 326 621 365; x_wconf 71' lang='lat' dir='ltr'><strong>esse</strong></span> <span class='ocrx_word' id='word_1_5' title='bbox 649 315 856 359; x_wconf 75' lang='lat' dir='ltr'><strong>videretur</strong></span> <span class='ocrx_word' id='word_1_6' title='bbox 878 314 938 370; x_wconf 72' lang='lat'><strong>²).</strong></span> <span class='ocrx_word' id='word_1_7' title='bbox 976 317 1111 366; x_wconf 80' lang='lat' dir='ltr'><strong>Quare</strong></span> <span class='ocrx_word' id='word_1_8' title='bbox 1139 323 1302 370; x_wconf 82' lang='lat' dir='ltr'><strong>praeter</strong></span> <span class='ocrx_word' id='word_1_9' title='bbox 1332 316 1518 370; x_wconf 78' lang='lat' dir='ltr'><strong>physicos</strong></span> <span class='ocrx_word' id='word_1_10' title='bbox 1548 316 1654 369; x_wconf 81' lang='lat' dir='ltr'><strong>illos,</strong></span> <span class='ocrx_word' id='word_1_11' title='bbox 1681 328 1787 369; x_wconf 80' lang='lat' dir='ltr'><strong>quos</strong></span> <span class='ocrx_word' id='word_1_12' title='bbox 1815 316 2003 359; x_wconf 76' lang='lat' dir='ltr'><strong>Socrates</strong></span> <span class='ocrx_word' id='word_1_13' title='bbox 2031 322 2148 359; x_wconf 76' lang='lat' dir='ltr'><strong>antea</strong></span> <span class='ocrx_word' id='word_1_14' title='bbox 2177 317 2451 360; x_wconf 74' lang='lat' dir='ltr'><strong>confutaverat</strong></span> <span class='ocrx_word' id='word_1_15' title='bbox 2463 317 2525 373; x_wconf 72' lang='lat'><strong>²),</strong></span> 
     </span>
     <span class='ocr_line' id='line_1_3' title="bbox 184 388 2524 450; baseline 0.001 -20"><span class='ocrx_word' id='word_1_16' title='bbox 184 388 286 430; x_wconf 75' lang='lat' dir='ltr'><strong>alios</strong></span> <span class='ocrx_word' id='word_1_17' title='bbox 301 388 570 442; x_wconf 50' lang='lat' dir='ltr'><strong>adversaries</strong></span> <span class='ocrx_word' id='word_1_18' title='bbox 597 400 751 450; x_wconf 80' lang='lat' dir='ltr'><strong>eosque</strong></span> <span class='ocrx_word' id='word_1_19' title='bbox 777 389 904 432; x_wconf 84' lang='lat' dir='ltr'><strong>multo</strong></span> <span class='ocrx_word' id='word_1_20' title='bbox 932 391 1116 432; x_wconf 81' lang='lat' dir='ltr'><strong>acriores</strong></span> <span class='ocrx_word' id='word_1_21' title='bbox 1144 396 1186 433; x_wconf 86' lang='lat' dir='ltr'><strong>et</strong></span> <span class='ocrx_word' id='word_1_22' title='bbox 1222 402 1277 431; x_wconf 80' lang='lat' dir='ltr'><strong>ex</strong></span> <span class='ocrx_word' id='word_1_23' title='bbox 1303 390 1388 443; x_wconf 84' lang='lat' dir='ltr'><strong>ipsa</strong></span> <span class='ocrx_word' id='word_1_24' title='bbox 1418 389 1833 446; x_wconf 76' lang='lat' dir='ltr'><strong>Pythagoraescbola</strong></span> <span class='ocrx_word' id='word_1_25' title='bbox 1872 388 2078 443; x_wconf 73' lang='lat' dir='ltr'><strong>proiectos</strong></span> <span class='ocrx_word' id='word_1_26' title='bbox 2105 391 2364 446; x_wconf 69' lang='lat' dir='ltr'><strong>impugnavit.</strong></span> <span class='ocrx_word' id='word_1_27' title='bbox 2414 390 2524 433; x_wconf 84' lang='lat' dir='ltr'><strong>-Tum</strong></span> 
     </span>
     <span class='ocr_line' id='line_1_4' title="bbox 185 459 2532 519; baseline 0.002 -15"><span class='ocrx_word' id='word_1_28' title='bbox 185 463 294 511; x_wconf 77' lang='lat' dir='ltr'><strong>enim</strong></span> <span class='ocrx_word' id='word_1_29' title='bbox 311 462 435 515; x_wconf 58' lang='lat' dir='ltr'><strong>multi</strong></span> <span class='ocrx_word' id='word_1_30' title='bbox 473 462 656 511; x_wconf 71' lang='lat' dir='ltr'><strong>homines</strong></span> <span class='ocrx_word' id='word_1_31' title='bbox 691 467 736 505; x_wconf 85' lang='lat' dir='ltr'><strong>et</strong></span> <span class='ocrx_word' id='word_1_32' title='bbox 763 459 873 503; x_wconf 83' lang='lat' dir='ltr'><strong>doc&#39;ti</strong></span> <span class='ocrx_word' id='word_1_33' title='bbox 901 468 944 505; x_wconf 84' lang='lat' dir='ltr'><strong>et</strong></span> <span class='ocrx_word' id='word_1_34' title='bbox 982 463 1133 505; x_wconf 84' lang='lat' dir='ltr'><strong>indocti</strong></span> <span class='ocrx_word' id='word_1_35' title='bbox 1161 463 1365 505; x_wconf 82' lang='lat' dir='ltr'><strong>harmonia</strong></span> <span class='ocrx_word' id='word_1_36' title='bbox 1402 462 1470 504; x_wconf 89' lang='lat' dir='ltr'><strong>illa</strong></span> <span class='ocrx_word' id='word_1_37' title='bbox 1506 463 1610 504; x_wconf 84' lang='lat' dir='ltr'><strong>male</strong></span> <span class='ocrx_word' id='word_1_38' title='bbox 1646 463 1848 505; x_wconf 67' lang='lat' dir='ltr'><strong>intellecta</strong></span> <span class='ocrx_word' id='word_1_39' title='bbox 1886 463 1928 504; x_wconf 86' lang='lat' dir='ltr'><strong>in</strong></span> <span class='ocrx_word' id='word_1_40' title='bbox 1964 463 2066 504; x_wconf 82' lang='lat' dir='ltr'><strong>banc</strong></span> <span class='ocrx_word' id='word_1_41' title='bbox 2103 474 2268 518; x_wconf 79' lang='lat' dir='ltr'><strong>pravam</strong></span> <span class='ocrx_word' id='word_1_42' title='bbox 2296 464 2532 519; x_wconf 76' lang='lat' dir='ltr'><strong>opinionem,</strong></span> 
     </span>
     <span class='ocr_line' id='line_1_5' title="bbox 186 536 2525 594; baseline 0.001 -17"><span class='ocrx_word' id='word_1_43' title='bbox 186 536 480 587; x_wconf 77' lang='lat' dir='ltr'><strong>discesserant.</strong></span> <span class='ocrx_word' id='word_1_44' title='bbox 516 541 578 578; x_wconf 83' lang='lat' dir='ltr'><strong>ut.</strong></span> <span class='ocrx_word' id='word_1_45' title='bbox 597 536 778 579; x_wconf 83' lang='lat' dir='ltr'><strong>animum</strong></span> <span class='ocrx_word' id='word_1_46' title='bbox 810 536 908 578; x_wconf 84' lang='lat' dir='ltr'><strong>nihii</strong></span> <span class='ocrx_word' id='word_1_47' title='bbox 936 548 1029 579; x_wconf 87' lang='lat' dir='ltr'><strong>esse</strong></span> <span class='ocrx_word' id='word_1_48' title='bbox 1066 538 1143 579; x_wconf 88' lang='lat' dir='ltr'><strong>nisi</strong></span> <span class='ocrx_word' id='word_1_49' title='bbox 1180 537 1422 579; x_wconf 76' lang='lat' dir='ltr'><strong>harmoniam</strong></span> <span class='ocrx_word' id='word_1_50' title='bbox 1461 537 1564 578; x_wconf 82' lang='lat' dir='ltr'><strong>iusta</strong></span> <span class='ocrx_word' id='word_1_51' title='bbox 1601 536 1768 591; x_wconf 84' lang='lat' dir='ltr'><strong>quadam</strong></span> <span class='ocrx_word' id='word_1_52' title='bbox 1790 537 1992 591; x_wconf 82' lang='lat' dir='ltr'><strong>corporis</strong></span> <span class='ocrx_word' id='word_1_53' title='bbox 2027 537 2199 591; x_wconf 83' lang='lat' dir='ltr'><strong>partium</strong></span> <span class='ocrx_word' id='word_1_54' title='bbox 2236 537 2525 594; x_wconf 85' lang='lat' dir='ltr'><strong>temperatione</strong></span> 
     </span>
     <span class='ocr_line' id='line_1_6' title="bbox 184 609 2524 664; baseline 0.001 -15"><span class='ocrx_word' id='word_1_55' title='bbox 184 609 367 653; x_wconf 73' lang='lat' dir='ltr'><strong>effectam</strong></span> <span class='ocrx_word' id='word_1_56' title='bbox 395 617 637 658; x_wconf 79' lang='lat' dir='ltr'><strong>censerent;</strong></span> <span class='ocrx_word' id='word_1_57' title='bbox 680 611 787 655; x_wconf 87' lang='lat' dir='ltr'><strong>unde</strong></span> <span class='ocrx_word' id='word_1_58' title='bbox 816 613 1046 662; x_wconf 78' lang='lat' dir='ltr'><strong>necessario</strong></span> <span class='ocrx_word' id='word_1_59' title='bbox 1075 613 1269 664; x_wconf 78' lang='lat' dir='ltr'><strong>consequi</strong></span> <span class='ocrx_word' id='word_1_60' title='bbox 1297 611 1506 663; x_wconf 86' lang='lat' dir='ltr'><strong>putabant,</strong></span> <span class='ocrx_word' id='word_1_61' title='bbox 1542 621 1716 663; x_wconf 88' lang='lat' dir='ltr'><strong>corpore</strong></span> <span class='ocrx_word' id='word_1_62' title='bbox 1751 616 1955 664; x_wconf 76' lang='lat' dir='ltr'><strong>corrupto·</strong></span> <span class='ocrx_word' id='word_1_63' title='bbox 1982 611 2155 653; x_wconf 72' lang='lat' dir='ltr'><strong>animuin</strong></span> <span class='ocrx_word' id='word_1_64' title='bbox 2184 611 2295 653; x_wconf 67' lang='lat' dir='ltr'><strong>velut</strong></span> <span class='ocrx_word' id='word_1_65' title='bbox 2324 611 2524 664; x_wconf 82' lang='lat' dir='ltr'><strong>corruptis</strong></span> 
     </span>
     <span class='ocr_line' id='line_1_7' title="bbox 126 682 2525 737; baseline 0 -14"><span class='ocrx_word' id='word_1_66' title='bbox 126 708 139 722; x_wconf 61' lang='lat'>=</span> <span class='ocrx_word' id='word_1_67' title='bbox 186 682 331 732; x_wconf 77' lang='lat' dir='ltr'><strong>fidibus</strong></span> <span class='ocrx_word' id='word_1_68' title='bbox 359 682 474 735; x_wconf 76' lang='lat' dir='ltr'><strong>lyrae</strong></span> <span class='ocrx_word' id='word_1_69' title='bbox 502 691 745 724; x_wconf 74' lang='lat' dir='ltr'>concentum</span> <span class='ocrx_word' id='word_1_70' title='bbox 771 684 940 724; x_wconf 83' lang='lat' dir='ltr'><strong>dissolvi</strong></span> <span class='ocrx_word' id='word_1_71' title='bbox 967 697 1014 723; x_wconf 84' lang='lat' dir='ltr'><strong>ac</strong></span> <span class='ocrx_word' id='word_1_72' title='bbox 1042 686 1242 736; x_wconf 85' lang='lat' dir='ltr'><strong>disperire</strong></span> <span class='ocrx_word' id='word_1_73' title='bbox 1259 685 1315 737; x_wconf 79' lang='grc'><strong>3).</strong></span> <span class='ocrx_word' id='word_1_74' title='bbox 1366 685 1474 723; x_wconf 78' lang='lat' dir='ltr'><strong>lianc</strong></span> <span class='ocrx_word' id='word_1_75' title='bbox 1502 685 1626 737; x_wconf 83' lang='lat' dir='ltr'><strong>igitur</strong></span> <span class='ocrx_word' id='word_1_76' title='bbox 1654 683 1882 735; x_wconf 73' lang='lat' dir='ltr'><strong>opinionem</strong></span> <span class='ocrx_word' id='word_1_77' title='bbox 1911 684 2201 725; x_wconf 75' lang='lat' dir='ltr'><strong>fallacissimam</strong></span> <span class='ocrx_word' id='word_1_78' title='bbox 2231 691 2274 725; x_wconf 89' lang='lat' dir='ltr'><strong>ut</strong></span> <span class='ocrx_word' id='word_1_79' title='bbox 2302 698 2356 726; x_wconf 79' lang='lat' dir='ltr'><strong>ex</strong></span> <span class='ocrx_word' id='word_1_80' title='bbox 2385 686 2525 725; x_wconf 87' lang='lat' dir='ltr'><strong>animis</strong></span> 
     </span>
     <span class='ocr_line' id='line_1_8' title="bbox 185 754 2525 811; baseline 0.001 -16"><span class='ocrx_word' id='word_1_81' title='bbox 185 759 398 798; x_wconf 81' lang='lat' dir='ltr'><strong>excuteret</strong></span> <span class='ocrx_word' id='word_1_82' title='bbox 427 754 539 796; x_wconf 81' lang='lat' dir='ltr'><strong>Plato</strong></span> <span class='ocrx_word' id='word_1_83' title='bbox 568 756 792 797; x_wconf 74' lang='lat' dir='ltr'><strong>arumorum</strong></span> <span class='ocrx_word' id='word_1_84' title='bbox 829 762 1009 797; x_wconf 84' lang='lat' dir='ltr'><strong>naturam</strong></span> <span class='ocrx_word' id='word_1_85' title='bbox 1039 756 1211 797; x_wconf 83' lang='lat' dir='ltr'><strong>divinam</strong></span> <span class='ocrx_word' id='word_1_86' title='bbox 1247 762 1289 796; x_wconf 89' lang='lat' dir='ltr'><strong>et</strong></span> <span class='ocrx_word' id='word_1_87' title='bbox 1327 756 1588 797; x_wconf 73' lang='lat' dir='ltr'><strong>immortalem</strong></span> <span class='ocrx_word' id='word_1_88' title='bbox 1616 768 1709 796; x_wconf 87' lang='lat' dir='ltr'><strong>cum</strong></span> <span class='ocrx_word' id='word_1_89' title='bbox 1746 756 1834 797; x_wconf 85' lang='lat' dir='ltr'><strong>aliis</strong></span> <span class='ocrx_word' id='word_1_90' title='bbox 1871 756 2003 798; x_wconf 88' lang='lat' dir='ltr'><strong>multis</strong></span> <span class='ocrx_word' id='word_1_91' title='bbox 2032 757 2302 811; x_wconf 80' lang='lat' dir='ltr'><strong>argumentis,</strong></span> <span class='ocrx_word' id='word_1_92' title='bbox 2336 762 2419 797; x_wconf 90' lang='lat' dir='ltr'><strong>tum</strong></span> <span class='ocrx_word' id='word_1_93' title='bbox 2448 758 2525 798; x_wconf 85' lang='lat' dir='ltr'><strong>hoc</strong></span> 
     </span>
     <span class='ocr_line' id='line_1_9' title="bbox 186 828 2526 884; baseline 0 -15"><span class='ocrx_word' id='word_1_94' title='bbox 186 828 366 870; x_wconf 85' lang='lat' dir='ltr'><strong>omnium</strong></span> <span class='ocrx_word' id='word_1_95' title='bbox 394 831 635 882; x_wconf 79' lang='lat' dir='ltr'><strong>gravissimo</strong></span> <span class='ocrx_word' id='word_1_96' title='bbox 664 835 707 869; x_wconf 89' lang='lat' dir='ltr'><strong>et</strong></span> <span class='ocrx_word' id='word_1_97' title='bbox 735 842 901 881; x_wconf 86' lang='lat' dir='ltr'><strong>prorsus</strong></span> <span class='ocrx_word' id='word_1_98' title='bbox 931 842 1038 870; x_wconf 88' lang='lat' dir='ltr'><strong>novo</strong></span> <span class='ocrx_word' id='word_1_99' title='bbox 1067 830 1267 879; x_wconf 80' lang='lat' dir='ltr'><strong>defendit,</strong></span> <span class='ocrx_word' id='word_1_100' title='bbox 1310 830 1415 880; x_wconf 91' lang='lat' dir='ltr'><strong>quod</strong></span> <span class='ocrx_word' id='word_1_101' title='bbox 1444 831 1640 879; x_wconf 89' lang='lat' dir='ltr'><strong>animum,</strong></span> <span class='ocrx_word' id='word_1_102' title='bbox 1679 831 1718 870; x_wconf 92' lang='lat' dir='ltr'><strong>in</strong></span> <span class='ocrx_word' id='word_1_103' title='bbox 1747 831 2014 881; x_wconf 87' lang='lat' dir='ltr'><strong>quodcunque</strong></span> <span class='ocrx_word' id='word_1_104' title='bbox 2044 842 2193 882; x_wconf 83' lang='lat' dir='ltr'><strong>corpus</strong></span> <span class='ocrx_word' id='word_1_105' title='bbox 2228 832 2526 884; x_wconf 80' lang='lat' dir='ltr'><strong>ingrederetur,</strong></span> 
     </span>
     <span class='ocr_line' id='line_1_10' title="bbox 187 900 1973 959; baseline -0.001 -17"><span class='ocrx_word' id='word_1_106' title='bbox 187 900 284 959; x_wconf 84' lang='lat' dir='ltr'><strong>illuc</strong></span> <span class='ocrx_word' id='word_1_107' title='bbox 312 902 432 954; x_wconf 83' lang='lat' dir='ltr'><strong>vitam</strong></span> <span class='ocrx_word' id='word_1_108' title='bbox 463 901 610 943; x_wconf 79' lang='lat' dir='ltr'><strong>afferre</strong></span> <span class='ocrx_word' id='word_1_109' title='bbox 639 907 680 943; x_wconf 83' lang='lat' dir='ltr'><strong>et</strong></span> <span class='ocrx_word' id='word_1_110' title='bbox 708 914 780 943; x_wconf 84' lang='lat' dir='ltr'><strong>sua</strong></span> <span class='ocrx_word' id='word_1_111' title='bbox 809 908 950 945; x_wconf 85' lang='lat' dir='ltr'><strong>natura</strong></span> <span class='ocrx_word' id='word_1_112' title='bbox 979 902 1099 944; x_wconf 88' lang='lat' dir='ltr'><strong>morti</strong></span> <span class='ocrx_word' id='word_1_113' title='bbox 1128 914 1297 954; x_wconf 91' lang='lat' dir='ltr'><strong>prorsus</strong></span> <span class='ocrx_word' id='word_1_114' title='bbox 1326 903 1570 944; x_wconf 88' lang='lat' dir='ltr'><strong>contrarium</strong></span> <span class='ocrx_word' id='word_1_115' title='bbox 1600 915 1694 943; x_wconf 82' lang='lat' dir='ltr'><strong>esse</strong></span> <span class='ocrx_word' id='word_1_116' title='bbox 1722 902 1899 944; x_wconf 81' lang='lat' dir='ltr'><strong>ostendit</strong></span> <span class='ocrx_word' id='word_1_117' title='bbox 1912 900 1973 957; x_wconf 59' lang='lat'><strong>¹³).</strong></span> 
     </span>
    </p>

    <p class='ocr_par' dir='ltr' id='par_1_3' title="bbox 187 974 2527 1258">
     <span class='ocr_line' id='line_1_11' title="bbox 364 974 2524 1029; baseline 0 -13"><span class='ocrx_word' id='word_1_118' title='bbox 364 974 708 1028; x_wconf 74' lang='lat' dir='ltr'><strong>Pythagoreorum</strong></span> <span class='ocrx_word' id='word_1_119' title='bbox 739 974 790 1016; x_wconf 92' lang='lat' dir='ltr'><strong>de</strong></span> <span class='ocrx_word' id='word_1_120' title='bbox 824 974 1030 1018; x_wconf 87' lang='lat' dir='ltr'><strong>harmonia</strong></span> <span class='ocrx_word' id='word_1_121' title='bbox 1060 975 1298 1017; x_wconf 81' lang='lat' dir='ltr'><strong>sententiam</strong></span> <span class='ocrx_word' id='word_1_122' title='bbox 1335 981 1424 1028; x_wconf 87' lang='lat' dir='ltr'><strong>post</strong></span> <span class='ocrx_word' id='word_1_123' title='bbox 1454 974 1654 1018; x_wconf 85' lang='lat' dir='ltr'><strong>Platonem</strong></span> <span class='ocrx_word' id='word_1_124' title='bbox 1692 975 1779 1016; x_wconf 88' lang='lat' dir='ltr'><strong>aliis</strong></span> <span class='ocrx_word' id='word_1_125' title='bbox 1818 975 1933 1016; x_wconf 90' lang='lat' dir='ltr'><strong>novis</strong></span> <span class='ocrx_word' id='word_1_126' title='bbox 1973 976 2193 1017; x_wconf 85' lang='lat' dir='ltr'><strong>rationibus</strong></span> <span class='ocrx_word' id='word_1_127' title='bbox 2230 978 2271 1017; x_wconf 91' lang='lat' dir='ltr'><strong>in</strong></span> <span class='ocrx_word' id='word_1_128' title='bbox 2311 988 2435 1029; x_wconf 89' lang='lat' dir='ltr'><strong>opere</strong></span> <span class='ocrx_word' id='word_1_129' title='bbox 2474 976 2524 1016; x_wconf 90' lang='lat' dir='ltr'><strong>de</strong></span> 
     </span>
     <span class='ocr_line' id='line_1_12' title="bbox 189 1047 2526 1103; baseline 0 -14"><span class='ocrx_word' id='word_1_130' title='bbox 189 1048 318 1089; x_wconf 85' lang='lat' dir='ltr'><strong>anima</strong></span> <span class='ocrx_word' id='word_1_131' title='bbox 337 1048 560 1100; x_wconf 88' lang='lat' dir='ltr'><strong>composito</strong></span> <span class='ocrx_word' id='word_1_132' title='bbox 580 1047 771 1090; x_wconf 78' lang='lat' dir='ltr'><strong>refutavit</strong></span> <span class='ocrx_word' id='word_1_133' title='bbox 788 1048 1031 1092; x_wconf 80' lang='lat' dir='ltr'><strong>Aristoteles</strong></span> <span class='ocrx_word' id='word_1_134' title='bbox 1045 1048 1103 1103; x_wconf 76' lang='lat'><strong>⁵).</strong></span> <span class='ocrx_word' id='word_1_135' title='bbox 1143 1047 1181 1089; x_wconf 89' lang='lat' dir='ltr'><strong>ls</strong></span> <span class='ocrx_word' id='word_1_136' title='bbox 1201 1060 1316 1099; x_wconf 88' lang='lat' dir='ltr'><strong>vero,</strong></span> <span class='ocrx_word' id='word_1_137' title='bbox 1346 1061 1436 1088; x_wconf 84' lang='lat' dir='ltr'><strong>curn</strong></span> <span class='ocrx_word' id='word_1_138' title='bbox 1456 1049 1496 1089; x_wconf 92' lang='lat' dir='ltr'><strong>in</strong></span> <span class='ocrx_word' id='word_1_139' title='bbox 1517 1048 1589 1089; x_wconf 87' lang='lat' dir='ltr'><strong>hac</strong></span> <span class='ocrx_word' id='word_1_140' title='bbox 1610 1047 1849 1091; x_wconf 76' lang='lat' dir='ltr'><strong>refutatione</strong></span> <span class='ocrx_word' id='word_1_141' title='bbox 1869 1060 1956 1088; x_wconf 89' lang='lat' dir='ltr'><strong>non·</strong></span> <span class='ocrx_word' id='word_1_142' title='bbox 1969 1055 2014 1090; x_wconf 92' lang='lat' dir='ltr'><strong>ut</strong></span> <span class='ocrx_word' id='word_1_143' title='bbox 2034 1049 2142 1092; x_wconf 87' lang='lat' dir='ltr'><strong>Plato</strong></span> <span class='ocrx_word' id='word_1_144' title='bbox 2162 1049 2260 1090; x_wconf 90' lang='lat' dir='ltr'><strong>illud</strong></span> <span class='ocrx_word' id='word_1_145' title='bbox 2279 1049 2526 1102; x_wconf 89' lang='lat' dir='ltr'><strong>propositum</strong></span> 
     </span>
     <span class='ocr_line' id='line_1_13' title="bbox 187 1110 2526 1177; baseline 0 -15"><span class='ocrx_word' id='word_1_146' title='bbox 187 1121 378 1172; x_wconf 86' lang='lat' dir='ltr'><strong>haberet,</strong></span> <span class='ocrx_word' id='word_1_147' title='bbox 417 1126 462 1162; x_wconf 90' lang='lat' dir='ltr'><strong>ut</strong></span> <span class='ocrx_word' id='word_1_148' title='bbox 506 1132 580 1173; x_wconf 88' lang='lat' dir='ltr'><strong>pro</strong></span> <span class='ocrx_word' id='word_1_149' title='bbox 619 1121 738 1166; x_wconf 87' lang='lat' dir='ltr'><strong>animi</strong></span> <span class='ocrx_word' id='word_1_150' title='bbox 775 1121 1069 1167; x_wconf 78' lang='lat' dir='ltr'><strong>immortalitate</strong></span> <span class='ocrx_word' id='word_1_151' title='bbox 1106 1126 1402 1176; x_wconf 82' lang='lat' dir='ltr'><strong>propugnaret,</strong></span> <span class='ocrx_word' id='word_1_152' title='bbox 1440 1122 1480 1162; x_wconf 92' lang='lat' dir='ltr'><strong>in</strong></span> <span class='ocrx_word' id='word_1_153' title='bbox 1519 1121 1861 1177; x_wconf 82' lang='lat' dir='ltr'><strong>Pythagoreorum</strong></span> <span class='ocrx_word' id='word_1_154' title='bbox 1899 1122 2086 1175; x_wconf 89' lang='lat' dir='ltr'><strong>opinione</strong></span> <span class='ocrx_word' id='word_1_155' title='bbox 2123 1122 2222 1164; x_wconf 85' lang='lat' dir='ltr'><strong>duas</strong></span> <span class='ocrx_word' id='word_1_156' title='bbox 2261 1110 2526 1164; x_wconf 77' lang='lat' dir='ltr'><strong>dubitationes</strong></span> 
     </span>
     <span class='ocr_line' id='line_1_14' title="bbox 188 1193 2527 1258; baseline 0.001 -24"><span class='ocrx_word' id='word_1_157' title='bbox 188 1193 362 1246; x_wconf 84' lang='lat' dir='ltr'><strong>relinqui</strong></span> <span class='ocrx_word' id='word_1_158' title='bbox 391 1194 673 1235; x_wconf 89' lang='lat' dir='ltr'><strong>animadvertit</strong></span> <span class='ocrx_word' id='word_1_159' title='bbox 701 1194 879 1249; x_wconf 78' lang='lat' dir='ltr'><strong>physico.</strong></span> <span class='ocrx_word' id='word_1_160' title='bbox 925 1196 1090 1244; x_wconf 87' lang='lat' dir='ltr'><strong>Quaerit</strong></span> <span class='ocrx_word' id='word_1_161' title='bbox 1117 1195 1238 1246; x_wconf 80' lang='lat' dir='ltr'><strong>enini,</strong></span> <span class='ocrx_word' id='word_1_162' title='bbox 1269 1206 1342 1234; x_wconf 90' lang='lat' dir='ltr'><strong>cur</strong></span> <span class='ocrx_word' id='word_1_163' title='bbox 1370 1195 1566 1237; x_wconf 91' lang='lat' dir='ltr'><strong>dissoluto</strong></span> <span class='ocrx_word' id='word_1_164' title='bbox 1596 1207 1768 1258; x_wconf 77' lang='lat' dir='ltr'><strong>corpore</strong></span> <span class='ocrx_word' id='word_1_165' title='bbox 1798 1195 1958 1237; x_wconf 87' lang='lat' dir='ltr'><strong>tollatur</strong></span> <span class='ocrx_word' id='word_1_166' title='bbox 1986 1196 2136 1246; x_wconf 89' lang='lat' dir='ltr'><strong>anima,</strong></span> <span class='ocrx_word' id='word_1_167' title='bbox 2166 1207 2239 1237; x_wconf 87' lang='lat' dir='ltr'><strong>cur</strong></span> <span class='ocrx_word' id='word_1_168' title='bbox 2268 1195 2398 1236; x_wconf 87' lang='lat' dir='ltr'><strong>anima</strong></span> <span class='ocrx_word' id='word_1_169' title='bbox 2426 1195 2527 1236; x_wconf 85' lang='lat' dir='ltr'><strong>sub-</strong></span> 
     </span>
    </p>
   </div>
   <div class='ocr_carea' id='block_1_3' title="bbox 116 1267 2529 1322">
    <p class='ocr_par' dir='ltr' id='par_1_4' title="bbox 116 1267 2529 1322">
     <span class='ocr_line' id='line_1_15' title="bbox 116 1267 2529 1322; baseline 0 -13"><span class='ocrx_word' id='word_1_170' title='bbox 116 1272 120 1275; x_wconf 74' lang='grc'><em>“</em></span> <span class='ocrx_word' id='word_1_171' title='bbox 187 1267 268 1309; x_wconf 87' lang='lat' dir='ltr'><strong>lata</strong></span> <span class='ocrx_word' id='word_1_172' title='bbox 296 1279 445 1321; x_wconf 91' lang='lat' dir='ltr'><strong>corpus</strong></span> <span class='ocrx_word' id='word_1_173' title='bbox 484 1274 767 1321; x_wconf 83' lang='lat' dir='ltr'><strong>corrumpatur</strong></span> <span class='ocrx_word' id='word_1_174' title='bbox 784 1269 844 1322; x_wconf 68' lang='grc' dir='ltr'><strong>ὓ).</strong></span> <span class='ocrx_word' id='word_1_175' title='bbox 903 1270 1009 1317; x_wconf 87' lang='lat' dir='ltr'><strong>Quas</strong></span> <span class='ocrx_word' id='word_1_176' title='bbox 1038 1269 1308 1309; x_wconf 83' lang='lat' dir='ltr'><strong>dubitationes</strong></span> <span class='ocrx_word' id='word_1_177' title='bbox 1337 1279 1427 1308; x_wconf 81' lang='lat' dir='ltr'><strong>cuin</strong></span> <span class='ocrx_word' id='word_1_178' title='bbox 1464 1279 1513 1309; x_wconf 90' lang='lat' dir='ltr'><strong>eo</strong></span> <span class='ocrx_word' id='word_1_179' title='bbox 1545 1269 1661 1309; x_wconf 87' lang='lat' dir='ltr'><strong>modo</strong></span> <span class='ocrx_word' id='word_1_180' title='bbox 1692 1267 1889 1320; x_wconf 79' lang='lat' dir='ltr'><strong>proferat,</strong></span> <span class='ocrx_word' id='word_1_181' title='bbox 1928 1274 1972 1310; x_wconf 91' lang='lat' dir='ltr'><strong>ut</strong></span> <span class='ocrx_word' id='word_1_182' title='bbox 2010 1269 2096 1321; x_wconf 89' lang='lat' dir='ltr'><strong>ipse</strong></span> <span class='ocrx_word' id='word_1_183' title='bbox 2132 1268 2248 1310; x_wconf 88' lang='lat' dir='ltr'><strong>etiam</strong></span> <span class='ocrx_word' id='word_1_184' title='bbox 2279 1267 2415 1309; x_wconf 84' lang='lat' dir='ltr'><strong>favere</strong></span> <span class='ocrx_word' id='word_1_185' title='bbox 2446 1268 2529 1322; x_wconf 79' lang='lat' dir='ltr'><strong>Py-</strong></span> 
     </span>
    </p>
   </div>
   <div class='ocr_carea' id='block_1_4' title="bbox 189 1340 2531 2127">
    <p class='ocr_par' dir='ltr' id='par_1_5' title="bbox 189 1340 2531 2127">
     <span class='ocr_line' id='line_1_16' title="bbox 189 1340 2528 1397; baseline 0.001 -16"><span class='ocrx_word' id='word_1_186' title='bbox 189 1340 478 1396; x_wconf 81' lang='lat' dir='ltr'><strong>thagoreorum</strong></span> <span class='ocrx_word' id='word_1_187' title='bbox 507 1341 731 1396; x_wconf 86' lang='lat' dir='ltr'><strong>sententiae</strong></span> <span class='ocrx_word' id='word_1_188' title='bbox 759 1340 875 1382; x_wconf 82' lang='lat' dir='ltr'><strong>facile</strong></span> <span class='ocrx_word' id='word_1_189' title='bbox 905 1343 1034 1394; x_wconf 85' lang='lat' dir='ltr'><strong>possit</strong></span> <span class='ocrx_word' id='word_1_190' title='bbox 1063 1342 1192 1382; x_wconf 89' lang='lat' dir='ltr'><strong>videri</strong></span> <span class='ocrx_word' id='word_1_191' title='bbox 1210 1342 1254 1397; x_wconf 81' lang='lat'><strong>⁷)</strong></span> <span class='ocrx_word' id='word_1_192' title='bbox 1272 1371 1284 1393; x_wconf 92' lang='lat'><strong>,</strong></span> <span class='ocrx_word' id='word_1_193' title='bbox 1327 1341 1534 1383; x_wconf 79' lang='lat' dir='ltr'><strong>manifesto</strong></span> <span class='ocrx_word' id='word_1_194' title='bbox 1565 1341 1815 1396; x_wconf 81' lang='lat' dir='ltr'><strong>intelligitur,</strong></span> <span class='ocrx_word' id='word_1_195' title='bbox 1844 1353 1956 1391; x_wconf 90' lang='lat' dir='ltr'><strong>eum,</strong></span> <span class='ocrx_word' id='word_1_196' title='bbox 2000 1342 2106 1396; x_wconf 91' lang='lat' dir='ltr'><strong>quod</strong></span> <span class='ocrx_word' id='word_1_197' title='bbox 2137 1342 2246 1384; x_wconf 84' lang='lat' dir='ltr'><strong>Plato</strong></span> <span class='ocrx_word' id='word_1_198' title='bbox 2276 1341 2528 1397; x_wconf 77' lang='lat' dir='ltr'><strong>neglexerat,</strong></span> 
     </span>
     <span class='ocr_line' id='line_1_17' title="bbox 190 1400 2529 1467; baseline -0 -12"><span class='ocrx_word' id='word_1_199' title='bbox 190 1414 394 1467; x_wconf 80' lang='lat' dir='ltr'><strong>postulare</strong></span> <span class='ocrx_word' id='word_1_200' title='bbox 432 1414 548 1454; x_wconf 90' lang='lat' dir='ltr'><strong>aliam</strong></span> <span class='ocrx_word' id='word_1_201' title='bbox 588 1400 771 1455; x_wconf 79' lang='lat' dir='ltr'><strong>caussam</strong></span> <span class='ocrx_word' id='word_1_202' title='bbox 812 1415 860 1455; x_wconf 86' lang='lat' dir='ltr'><strong>ad</strong></span> <span class='ocrx_word' id='word_1_203' title='bbox 898 1415 1019 1455; x_wconf 89' lang='lat' dir='ltr'><strong>animi</strong></span> <span class='ocrx_word' id='word_1_204' title='bbox 1056 1420 1098 1456; x_wconf 90' lang='lat' dir='ltr'><strong>et</strong></span> <span class='ocrx_word' id='word_1_205' title='bbox 1136 1415 1318 1467; x_wconf 86' lang='lat' dir='ltr'><strong>corporis</strong></span> <span class='ocrx_word' id='word_1_206' title='bbox 1356 1414 1461 1455; x_wconf 88' lang='lat' dir='ltr'><strong>illam</strong></span> <span class='ocrx_word' id='word_1_207' title='bbox 1500 1414 1814 1455; x_wconf 87' lang='lat' dir='ltr'><strong>communionem</strong></span> <span class='ocrx_word' id='word_1_208' title='bbox 1854 1421 1894 1456; x_wconf 90' lang='lat' dir='ltr'><strong>et</strong></span> <span class='ocrx_word' id='word_1_209' title='bbox 1931 1414 2037 1455; x_wconf 87' lang='lat' dir='ltr'><strong>vitae</strong></span> <span class='ocrx_word' id='word_1_210' title='bbox 2074 1414 2408 1456; x_wconf 86' lang='lat' dir='ltr'><strong>necessitudinem</strong></span> <span class='ocrx_word' id='word_1_211' title='bbox 2450 1420 2529 1455; x_wconf 90' lang='lat' dir='ltr'><strong>tam</strong></span> 
     </span>
     <span class='ocr_line' id='line_1_18' title="bbox 193 1487 2529 1542; baseline 0.001 -16"><span class='ocrx_word' id='word_1_212' title='bbox 193 1499 377 1542; x_wconf 87' lang='lat' dir='ltr'><strong>magnam</strong></span> <span class='ocrx_word' id='word_1_213' title='bbox 408 1487 695 1540; x_wconf 84' lang='lat' dir='ltr'><strong>explicandam.</strong></span> <span class='ocrx_word' id='word_1_214' title='bbox 756 1489 892 1541; x_wconf 83' lang='lat' dir='ltr'><strong>Atque</strong></span> <span class='ocrx_word' id='word_1_215' title='bbox 931 1489 1006 1529; x_wconf 88' lang='lat' dir='ltr'><strong>hac</strong></span> <span class='ocrx_word' id='word_1_216' title='bbox 1043 1489 1211 1529; x_wconf 78' lang='lat' dir='ltr'><strong>maxime</strong></span> <span class='ocrx_word' id='word_1_217' title='bbox 1241 1489 1281 1529; x_wconf 93' lang='lat' dir='ltr'><strong>in</strong></span> <span class='ocrx_word' id='word_1_218' title='bbox 1311 1488 1542 1540; x_wconf 89' lang='lat' dir='ltr'><strong>quaestione</strong></span> <span class='ocrx_word' id='word_1_219' title='bbox 1572 1494 1755 1529; x_wconf 86' lang='lat' dir='ltr'><strong>versatus</strong></span> <span class='ocrx_word' id='word_1_220' title='bbox 1792 1493 1854 1529; x_wconf 86' lang='lat' dir='ltr'><strong>est</strong></span> <span class='ocrx_word' id='word_1_221' title='bbox 1883 1488 2122 1530; x_wconf 78' lang='lat' dir='ltr'><strong>Aristoteles</strong></span> <span class='ocrx_word' id='word_1_222' title='bbox 2132 1500 2144 1537; x_wconf 85' lang='lat'>;</span> <span class='ocrx_word' id='word_1_223' title='bbox 2175 1499 2265 1529; x_wconf 90' lang='lat' dir='ltr'><strong>cum</strong></span> <span class='ocrx_word' id='word_1_224' title='bbox 2296 1499 2395 1528; x_wconf 88' lang='lat' dir='ltr'><strong>vero</strong></span> <span class='ocrx_word' id='word_1_225' title='bbox 2424 1487 2529 1542; x_wconf 79' lang='lat' dir='ltr'><strong>phy-</strong></span> 
     </span>
     <span class='ocr_line' id='line_1_19' title="bbox 189 1560 2531 1615; baseline 0 -15"><span class='ocrx_word' id='word_1_226' title='bbox 189 1560 265 1601; x_wconf 89' lang='lat' dir='ltr'><strong>sici</strong></span> <span class='ocrx_word' id='word_1_227' title='bbox 294 1567 429 1613; x_wconf 89' lang='lat' dir='ltr'><strong>partes</strong></span> <span class='ocrx_word' id='word_1_228' title='bbox 458 1571 583 1614; x_wconf 87' lang='lat' dir='ltr'><strong>agere</strong></span> <span class='ocrx_word' id='word_1_229' title='bbox 612 1561 767 1612; x_wconf 86' lang='lat' dir='ltr'><strong>mallet,</strong></span> <span class='ocrx_word' id='word_1_230' title='bbox 811 1561 1003 1602; x_wconf 86' lang='lat' dir='ltr'><strong>moralem</strong></span> <span class='ocrx_word' id='word_1_231' title='bbox 1032 1562 1151 1602; x_wconf 90' lang='lat' dir='ltr'><strong>animi</strong></span> <span class='ocrx_word' id='word_1_232' title='bbox 1181 1561 1455 1602; x_wconf 90' lang='lat' dir='ltr'><strong>condicionem</strong></span> <span class='ocrx_word' id='word_1_233' title='bbox 1485 1561 1614 1601; x_wconf 90' lang='lat' dir='ltr'><strong>minus</strong></span> <span class='ocrx_word' id='word_1_234' title='bbox 1648 1567 1832 1612; x_wconf 86' lang='lat' dir='ltr'><strong>curaret,</strong></span> <span class='ocrx_word' id='word_1_235' title='bbox 1871 1573 1894 1601; x_wconf 88' lang='lat' dir='ltr'><strong>a</strong></span> <span class='ocrx_word' id='word_1_236' title='bbox 1924 1560 2085 1602; x_wconf 88' lang='lat' dir='ltr'><strong>Platone</strong></span> <span class='ocrx_word' id='word_1_237' title='bbox 2124 1561 2246 1615; x_wconf 87' lang='lat' dir='ltr'><strong>longe</strong></span> <span class='ocrx_word' id='word_1_238' title='bbox 2275 1560 2461 1601; x_wconf 85' lang='lat' dir='ltr'><strong>discessit</strong></span> <span class='ocrx_word' id='word_1_239' title='bbox 2490 1565 2531 1601; x_wconf 85' lang='lat' dir='ltr'><strong>ct</strong></span> 
     </span>
     <span class='ocr_line' id='line_1_20' title="bbox 191 1632 2530 1689; baseline 0 -16"><span class='ocrx_word' id='word_1_240' title='bbox 191 1633 416 1675; x_wconf 88' lang='lat' dir='ltr'><strong>doctrinam</strong></span> <span class='ocrx_word' id='word_1_241' title='bbox 445 1633 624 1675; x_wconf 91' lang='lat' dir='ltr'><strong>condidit</strong></span> <span class='ocrx_word' id='word_1_242' title='bbox 654 1645 745 1675; x_wconf 89' lang='lat' dir='ltr'><strong>cum</strong></span> <span class='ocrx_word' id='word_1_243' title='bbox 774 1634 1008 1689; x_wconf 83' lang='lat' dir='ltr'><strong>vulgaribus</strong></span> <span class='ocrx_word' id='word_1_244' title='bbox 1039 1635 1089 1676; x_wconf 93' lang='lat' dir='ltr'><strong>de</strong></span> <span class='ocrx_word' id='word_1_245' title='bbox 1118 1634 1341 1676; x_wconf 90' lang='lat' dir='ltr'><strong>animorum</strong></span> <span class='ocrx_word' id='word_1_246' title='bbox 1370 1634 1527 1689; x_wconf 87' lang='lat' dir='ltr'><strong>origine</strong></span> <span class='ocrx_word' id='word_1_247' title='bbox 1558 1645 1603 1675; x_wconf 86' lang='lat' dir='ltr'><strong>ac</strong></span> <span class='ocrx_word' id='word_1_248' title='bbox 1632 1640 1742 1676; x_wconf 89' lang='lat' dir='ltr'><strong>sorte</strong></span> <span class='ocrx_word' id='word_1_249' title='bbox 1772 1633 1906 1676; x_wconf 80' lang='lat' dir='ltr'><strong>futura</strong></span> <span class='ocrx_word' id='word_1_250' title='bbox 1935 1634 2209 1687; x_wconf 86' lang='lat' dir='ltr'><strong>opinionibus,</strong></span> <span class='ocrx_word' id='word_1_251' title='bbox 2254 1644 2352 1688; x_wconf 90' lang='lat' dir='ltr'><strong>quas</strong></span> <span class='ocrx_word' id='word_1_252' title='bbox 2382 1632 2530 1687; x_wconf 77' lang='lat' dir='ltr'><strong>Pytha-</strong></span> 
     </span>
     <span class='ocr_line' id='line_1_21' title="bbox 193 1707 2530 1762; baseline 0 -14"><span class='ocrx_word' id='word_1_253' title='bbox 193 1708 311 1761; x_wconf 81' lang='lat' dir='ltr'><strong>gorei</strong></span> <span class='ocrx_word' id='word_1_254' title='bbox 338 1713 380 1749; x_wconf 86' lang='lat' dir='ltr'><strong>et</strong></span> <span class='ocrx_word' id='word_1_255' title='bbox 410 1707 518 1749; x_wconf 83' lang='lat' dir='ltr'><strong>Plato</strong></span> <span class='ocrx_word' id='word_1_256' title='bbox 548 1714 756 1762; x_wconf 90' lang='lat' dir='ltr'><strong>tantopere</strong></span> <span class='ocrx_word' id='word_1_257' title='bbox 784 1708 1080 1760; x_wconf 85' lang='lat' dir='ltr'><strong>sustinuerant,</strong></span> <span class='ocrx_word' id='word_1_258' title='bbox 1120 1709 1186 1749; x_wconf 76' lang='lat' dir='ltr'><strong>vix</strong></span> <span class='ocrx_word' id='word_1_259' title='bbox 1218 1707 1298 1749; x_wconf 89' lang='lat' dir='ltr'><strong>ullo</strong></span> <span class='ocrx_word' id='word_1_260' title='bbox 1337 1709 1452 1749; x_wconf 91' lang='lat' dir='ltr'><strong>modo</strong></span> <span class='ocrx_word' id='word_1_261' title='bbox 1483 1708 1781 1750; x_wconf 89' lang='lat' dir='ltr'><strong>conciliandam.</strong></span> <span class='ocrx_word' id='word_1_262' title='bbox 1841 1708 2035 1749; x_wconf 81' lang='lat' dir='ltr'><strong>Nimirum</strong></span> <span class='ocrx_word' id='word_1_263' title='bbox 2077 1709 2117 1749; x_wconf 92' lang='lat' dir='ltr'><strong>in</strong></span> <span class='ocrx_word' id='word_1_264' title='bbox 2156 1708 2325 1762; x_wconf 86' lang='lat' dir='ltr'><strong>singulis</strong></span> <span class='ocrx_word' id='word_1_265' title='bbox 2365 1712 2530 1749; x_wconf 86' lang='lat' dir='ltr'><strong>naturae</strong></span> 
     </span>
     <span class='ocr_line' id='line_1_22' title="bbox 192 1780 2529 1836; baseline -0 -15"><span class='ocrx_word' id='word_1_266' title='bbox 192 1781 315 1822; x_wconf 87' lang='lat' dir='ltr'><strong>rebus</strong></span> <span class='ocrx_word' id='word_1_267' title='bbox 354 1782 653 1833; x_wconf 88' lang='lat' dir='ltr'><strong>perscrutandis</strong></span> <span class='ocrx_word' id='word_1_268' title='bbox 690 1781 1019 1836; x_wconf 85' lang='lat' dir='ltr'><strong>diligentissimus</strong></span> <span class='ocrx_word' id='word_1_269' title='bbox 1051 1782 1147 1822; x_wconf 83' lang='lat' dir='ltr'><strong>vidit</strong></span> <span class='ocrx_word' id='word_1_270' title='bbox 1177 1783 1377 1830; x_wconf 89' lang='lat' dir='ltr'><strong>omnibus,</strong></span> <span class='ocrx_word' id='word_1_271' title='bbox 1418 1793 1678 1835; x_wconf 84' lang='lat' dir='ltr'><strong>quaecunque</strong></span> <span class='ocrx_word' id='word_1_272' title='bbox 1716 1783 1755 1823; x_wconf 91' lang='lat' dir='ltr'><strong>in</strong></span> <span class='ocrx_word' id='word_1_273' title='bbox 1797 1782 1942 1823; x_wconf 88' lang='lat' dir='ltr'><strong>mundo</strong></span> <span class='ocrx_word' id='word_1_274' title='bbox 1968 1782 2084 1826; x_wconf 19' lang='lat' dir='ltr'><strong>*sacta</strong></span> <span class='ocrx_word' id='word_1_275' title='bbox 2123 1787 2261 1824; x_wconf 87' lang='lat' dir='ltr'><strong>essent</strong></span> <span class='ocrx_word' id='word_1_276' title='bbox 2300 1787 2340 1822; x_wconf 88' lang='lat' dir='ltr'><strong>et</strong></span> <span class='ocrx_word' id='word_1_277' title='bbox 2376 1780 2529 1828; x_wconf 85' lang='lat' dir='ltr'><strong>fierent,</strong></span> 
     </span>
     <span class='ocr_line' id='line_1_23' title="bbox 191 1848 2530 1909; baseline -0 -15"><span class='ocrx_word' id='word_1_278' title='bbox 191 1860 348 1895; x_wconf 91' lang='lat' dir='ltr'><strong>certum</strong></span> <span class='ocrx_word' id='word_1_279' title='bbox 377 1855 576 1908; x_wconf 88' lang='lat' dir='ltr'><strong>quoddam</strong></span> <span class='ocrx_word' id='word_1_280' title='bbox 607 1861 772 1895; x_wconf 88' lang='lat' dir='ltr'><strong>naturae</strong></span> <span class='ocrx_word' id='word_1_281' title='bbox 801 1856 1009 1895; x_wconf 87' lang='lat' dir='ltr'><strong>consilium</strong></span> <span class='ocrx_word' id='word_1_282' title='bbox 1040 1848 1262 1909; x_wconf 85' lang='lat' dir='ltr'><strong>ingenitum</strong></span> <span class='ocrx_word' id='word_1_283' title='bbox 1292 1866 1382 1896; x_wconf 90' lang='lat' dir='ltr'><strong>esse</strong></span> <span class='ocrx_word' id='word_1_284' title='bbox 1410 1861 1452 1896; x_wconf 88' lang='lat' dir='ltr'><strong>et</strong></span> <span class='ocrx_word' id='word_1_285' title='bbox 1483 1856 1793 1906; x_wconf 88' lang='lat' dir='ltr'><strong>uniuscuiusque</strong></span> <span class='ocrx_word' id='word_1_286' title='bbox 1823 1855 1884 1895; x_wconf 89' lang='lat' dir='ltr'><strong>rei</strong></span> <span class='ocrx_word' id='word_1_287' title='bbox 1919 1854 2084 1895; x_wconf 84' lang='lat' dir='ltr'><strong>sormam</strong></span> <span class='ocrx_word' id='word_1_288' title='bbox 2113 1866 2212 1896; x_wconf 89' lang='lat' dir='ltr'><strong>suae</strong></span> <span class='ocrx_word' id='word_1_289' title='bbox 2241 1859 2282 1895; x_wconf 87' lang='lat' dir='ltr'><strong>et</strong></span> <span class='ocrx_word' id='word_1_290' title='bbox 2311 1854 2424 1906; x_wconf 88' lang='lat' dir='ltr'><strong>quasi</strong></span> <span class='ocrx_word' id='word_1_291' title='bbox 2452 1853 2530 1894; x_wconf 90' lang='lat' dir='ltr'><strong>do-</strong></span> 
     </span>
     <span class='ocr_line' id='line_1_24' title="bbox 192 1925 2529 1991; baseline -0 -24"><span class='ocrx_word' id='word_1_292' title='bbox 192 1929 381 1991; x_wconf 75' lang='lat' dir='ltr'><strong>mesticae</strong></span> <span class='ocrx_word' id='word_1_293' title='bbox 412 1929 601 1968; x_wconf 86' lang='lat' dir='ltr'><strong>materiae</strong></span> <span class='ocrx_word' id='word_1_294' title='bbox 630 1929 783 1968; x_wconf 91' lang='lat' dir='ltr'><strong>innasci</strong></span> <span class='ocrx_word' id='word_1_295' title='bbox 794 1928 853 1983; x_wconf 82' lang='lat'><strong>⁸).</strong></span> <span class='ocrx_word' id='word_1_296' title='bbox 898 1929 948 1969; x_wconf 92' lang='lat' dir='ltr'><strong>Et</strong></span> <span class='ocrx_word' id='word_1_297' title='bbox 977 1930 1189 1981; x_wconf 89' lang='lat' dir='ltr'><strong>praecipue</strong></span> <span class='ocrx_word' id='word_1_298' title='bbox 1218 1929 1471 1970; x_wconf 90' lang='lat' dir='ltr'><strong>animantium</strong></span> <span class='ocrx_word' id='word_1_299' title='bbox 1491 1925 1650 1982; x_wconf 64' lang='lat' dir='ltr'><strong>&#39;genera</strong></span> <span class='ocrx_word' id='word_1_300' title='bbox 1680 1927 1955 1969; x_wconf 87' lang='lat' dir='ltr'><strong>animadvertit</strong></span> <span class='ocrx_word' id='word_1_301' title='bbox 1971 1933 2085 1969; x_wconf 88' lang='lat' dir='ltr'><strong>certo</strong></span> <span class='ocrx_word' id='word_1_302' title='bbox 2117 1931 2283 1969; x_wconf 85' lang='lat' dir='ltr'><strong>naturae</strong></span> <span class='ocrx_word' id='word_1_303' title='bbox 2301 1926 2529 1968; x_wconf 85' lang='lat' dir='ltr'><strong>discrimine</strong></span> 
     </span>
     <span class='ocr_line' id='line_1_25' title="bbox 192 1999 2529 2043; baseline -0.001 -1"><span class='ocrx_word' id='word_1_304' title='bbox 192 2004 300 2043; x_wconf 87' lang='lat' dir='ltr'><strong>inter</strong></span> <span class='ocrx_word' id='word_1_305' title='bbox 339 2014 384 2042; x_wconf 89' lang='lat' dir='ltr'><strong>se</strong></span> <span class='ocrx_word' id='word_1_306' title='bbox 424 2002 620 2042; x_wconf 83' lang='lat' dir='ltr'><strong>disiuncta</strong></span> <span class='ocrx_word' id='word_1_307' title='bbox 657 2014 749 2043; x_wconf 90' lang='lat' dir='ltr'><strong>esse</strong></span> <span class='ocrx_word' id='word_1_308' title='bbox 785 2009 826 2043; x_wconf 90' lang='lat' dir='ltr'><strong>et</strong></span> <span class='ocrx_word' id='word_1_309' title='bbox 866 2003 1063 2043; x_wconf 87' lang='lat' dir='ltr'><strong>distantia.</strong></span> <span class='ocrx_word' id='word_1_310' title='bbox 1122 2003 1242 2043; x_wconf 89' lang='lat' dir='ltr'><strong>Cuius</strong></span> <span class='ocrx_word' id='word_1_311' title='bbox 1272 2002 1517 2043; x_wconf 87' lang='lat' dir='ltr'><strong>constantiae</strong></span> <span class='ocrx_word' id='word_1_312' title='bbox 1548 2007 1588 2042; x_wconf 88' lang='lat' dir='ltr'><strong>et</strong></span> <span class='ocrx_word' id='word_1_313' title='bbox 1617 2001 1820 2041; x_wconf 86' lang='lat' dir='ltr'><strong>varietatis</strong></span> <span class='ocrx_word' id='word_1_314' title='bbox 1859 2012 2038 2041; x_wconf 86' lang='lat' dir='ltr'><strong>caussam</strong></span> <span class='ocrx_word' id='word_1_315' title='bbox 2074 2001 2114 2040; x_wconf 91' lang='lat' dir='ltr'><strong>in</strong></span> <span class='ocrx_word' id='word_1_316' title='bbox 2145 2006 2255 2041; x_wconf 88' lang='lat' dir='ltr'><strong>certa</strong></span> <span class='ocrx_word' id='word_1_317' title='bbox 2293 2005 2335 2041; x_wconf 90' lang='lat' dir='ltr'><strong>et</strong></span> <span class='ocrx_word' id='word_1_318' title='bbox 2373 1999 2529 2040; x_wconf 86' lang='lat' dir='ltr'><strong>definita</strong></span> 
     </span>
     <span class='ocr_line' id='line_1_26' title="bbox 192 2061 2530 2127; baseline -0.001 -12"><span class='ocrx_word' id='word_1_319' title='bbox 192 2075 347 2115; x_wconf 89' lang='lat' dir='ltr'><strong>animae</strong></span> <span class='ocrx_word' id='word_1_320' title='bbox 376 2081 416 2115; x_wconf 91' lang='lat' dir='ltr'><strong>et</strong></span> <span class='ocrx_word' id='word_1_321' title='bbox 445 2076 630 2127; x_wconf 88' lang='lat' dir='ltr'><strong>corporis</strong></span> <span class='ocrx_word' id='word_1_322' title='bbox 660 2076 814 2116; x_wconf 89' lang='lat' dir='ltr'><strong>ratione</strong></span> <span class='ocrx_word' id='word_1_323' title='bbox 845 2076 1011 2126; x_wconf 89' lang='lat' dir='ltr'><strong>positam</strong></span> <span class='ocrx_word' id='word_1_324' title='bbox 1041 2087 1134 2115; x_wconf 89' lang='lat' dir='ltr'><strong>esse</strong></span> <span class='ocrx_word' id='word_1_325' title='bbox 1163 2074 1377 2115; x_wconf 83' lang='lat' dir='ltr'><strong>intellexit:</strong></span> <span class='ocrx_word' id='word_1_326' title='bbox 1416 2075 1584 2114; x_wconf 87' lang='lat' dir='ltr'><strong>animam</strong></span> <span class='ocrx_word' id='word_1_327' title='bbox 1614 2086 1705 2114; x_wconf 90' lang='lat' dir='ltr'><strong>esse</strong></span> <span class='ocrx_word' id='word_1_328' title='bbox 1735 2074 1917 2126; x_wconf 88' lang='lat' dir='ltr'><strong>corporis</strong></span> <span class='ocrx_word' id='word_1_329' title='bbox 1957 2061 2194 2125; x_wconf 83' lang='lat' dir='ltr'><strong>principium</strong></span> <span class='ocrx_word' id='word_1_330' title='bbox 2224 2079 2265 2113; x_wconf 88' lang='lat' dir='ltr'><strong>et</strong></span> <span class='ocrx_word' id='word_1_331' title='bbox 2295 2073 2374 2113; x_wconf 91' lang='lat' dir='ltr'><strong>vim</strong></span> <span class='ocrx_word' id='word_1_332' title='bbox 2406 2079 2530 2114; x_wconf 87' lang='lat' dir='ltr'><strong>totum</strong></span> 
     </span>
    </p>
   </div>
   <div class='ocr_carea' id='block_1_5' title="bbox 194 2200 391 2206">
    <p class='ocr_par' dir='ltr' id='par_1_6' title="bbox 194 2200 391 2206">
     <span class='ocr_line' id='line_1_27' title="bbox 194 2200 391 2206; baseline 0 0"><span class='ocrx_word' id='word_1_333' title='bbox 194 2200 391 2206; x_wconf 95' lang='lat' dir='ltr'><strong> </strong></span> 
     </span>
    </p>
   </div>
   <div class='ocr_carea' id='block_1_6' title="bbox 351 2277 2537 3213">
    <p class='ocr_par' dir='ltr' id='par_1_7' title="bbox 351 2277 2537 3213">
     <span class='ocr_line' id='line_1_28' title="bbox 353 2277 2535 2328; baseline -0.002 -12"><span class='ocrx_word' id='word_1_334' title='bbox 353 2278 383 2328; x_wconf 83' lang='lat'><strong>¹)</strong></span> <span class='ocrx_word' id='word_1_335' title='bbox 416 2283 511 2316; x_wconf 80' lang='lat' dir='ltr'><strong>Piut.</strong></span> <span class='ocrx_word' id='word_1_336' title='bbox 549 2284 592 2316; x_wconf 88' lang='lat' dir='ltr'><strong>de</strong></span> <span class='ocrx_word' id='word_1_337' title='bbox 629 2292 683 2316; x_wconf 83' lang='lat' dir='ltr'><strong>an.</strong></span> <span class='ocrx_word' id='word_1_338' title='bbox 719 2292 845 2325; x_wconf 83' lang='lat' dir='ltr'><strong>procr..</strong></span> <span class='ocrx_word' id='word_1_339' title='bbox 871 2293 889 2316; x_wconf 84' lang='lat' dir='ltr'><strong>c</strong></span> <span class='ocrx_word' id='word_1_340' title='bbox 925 2282 1014 2316; x_wconf 87' lang='lat' dir='ltr'><strong>Tim.</strong></span> <span class='ocrx_word' id='word_1_341' title='bbox 1052 2294 1081 2316; x_wconf 91' lang='lat' dir='ltr'><strong>c.</strong></span> <span class='ocrx_word' id='word_1_342' title='bbox 1118 2283 1141 2316; x_wconf 81' lang='lat'><strong>3</strong></span> <span class='ocrx_word' id='word_1_343' title='bbox 1176 2283 1256 2317; x_wconf 78' lang='grc' dir='ltr'><strong>ἐπεὶ</strong></span> <span class='ocrx_word' id='word_1_344' title='bbox 1292 2284 1373 2316; x_wconf 67' lang='grc' dir='ltr'><strong>καθ’</strong></span> <span class='ocrx_word' id='word_1_345' title='bbox 1408 2282 1591 2328; x_wconf 76' lang='grc' dir='ltr'><strong>ἁρμονίαν</strong></span> <span class='ocrx_word' id='word_1_346' title='bbox 1625 2284 1832 2323; x_wconf 75' lang='grc' dir='ltr'><em>συνίςηκεν,</em></span> <span class='ocrx_word' id='word_1_347' title='bbox 1869 2279 2026 2325; x_wconf 70' lang='grc' dir='ltr'><em>ἁρμονία</em></span> <span class='ocrx_word' id='word_1_348' title='bbox 2062 2277 2163 2313; x_wconf 80' lang='grc' dir='ltr'><strong>δὀὐκ</strong></span> <span class='ocrx_word' id='word_1_349' title='bbox 2198 2278 2292 2318; x_wconf 81' lang='grc' dir='ltr'><strong><em>ἔςιν,</em></strong></span> <span class='ocrx_word' id='word_1_350' title='bbox 2336 2277 2385 2316; x_wconf 76' lang='grc' dir='ltr'><strong>ὦς</strong></span> <span class='ocrx_word' id='word_1_351' title='bbox 2430 2278 2535 2317; x_wconf 76' lang='grc' dir='ltr'><em>αὐτὸς</em></span> 
     </span>
     <span class='ocr_line' id='line_1_29' title="bbox 352 2337 2534 2386; baseline -0.003 -10"><span class='ocrx_word' id='word_1_352' title='bbox 352 2344 396 2376; x_wconf 76' lang='grc' dir='ltr'><strong>ἐν</strong></span> <span class='ocrx_word' id='word_1_353' title='bbox 430 2344 478 2386; x_wconf 73' lang='grc' dir='ltr'><strong>τῷ</strong></span> <span class='ocrx_word' id='word_1_354' title='bbox 517 2342 599 2385; x_wconf 82' lang='grc' dir='ltr'><strong><em>περὶ</em></strong></span> <span class='ocrx_word' id='word_1_355' title='bbox 639 2344 754 2384; x_wconf 79' lang='grc' dir='ltr'><strong><em>ψυχῆς</em></strong></span> <span class='ocrx_word' id='word_1_356' title='bbox 787 2339 989 2380; x_wconf 68' lang='grc' dir='ltr'><strong>(ἐπέδειξεν.</strong></span> <span class='ocrx_word' id='word_1_357' title='bbox 1053 2342 1236 2376; x_wconf 88' lang='lat' dir='ltr'><strong>Steinhart.</strong></span> <span class='ocrx_word' id='word_1_358' title='bbox 1273 2344 1314 2375; x_wconf 86' lang='lat' dir='ltr'><strong>de</strong></span> <span class='ocrx_word' id='word_1_359' title='bbox 1351 2343 1441 2375; x_wconf 84' lang='lat' dir='ltr'><strong>Plat.</strong></span> <span class='ocrx_word' id='word_1_360' title='bbox 1477 2343 1607 2375; x_wconf 63' lang='lat' dir='ltr'><strong>Phae-1.</strong></span> <span class='ocrx_word' id='word_1_361' title='bbox 1644 2353 1677 2384; x_wconf 90' lang='lat' dir='ltr'><strong>p.</strong></span> <span class='ocrx_word' id='word_1_362' title='bbox 1715 2337 1788 2374; x_wconf 76' lang='lat'><strong>445</strong></span> <span class='ocrx_word' id='word_1_363' title='bbox 1829 2345 1898 2373; x_wconf 85' lang='lat' dir='ltr'><strong>not.</strong></span> <span class='ocrx_word' id='word_1_364' title='bbox 1938 2339 1995 2373; x_wconf 85' lang='lat'><strong>70.</strong></span> <span class='ocrx_word' id='word_1_365' title='bbox 2041 2355 2089 2362; x_wconf 90' lang='lat'>—</span> <span class='ocrx_word' id='word_1_366' title='bbox 2137 2337 2166 2380; x_wconf 88' lang='lat'><strong>²)</strong></span> <span class='ocrx_word' id='word_1_367' title='bbox 2200 2339 2290 2371; x_wconf 84' lang='lat' dir='ltr'><strong>Plat.</strong></span> <span class='ocrx_word' id='word_1_368' title='bbox 2329 2339 2460 2371; x_wconf 86' lang='lat' dir='ltr'><strong>Phaed.</strong></span> <span class='ocrx_word' id='word_1_369' title='bbox 2499 2349 2534 2381; x_wconf 86' lang='lat' dir='ltr'><strong>p.</strong></span> 
     </span>
     <span class='ocr_line' id='line_1_30' title="bbox 355 2394 2533 2442; baseline -0.002 -8"><span class='ocrx_word' id='word_1_370' title='bbox 355 2401 401 2434; x_wconf 90' lang='grc'><strong>77</strong></span> <span class='ocrx_word' id='word_1_371' title='bbox 439 2402 482 2433; x_wconf 90' lang='grc' dir='ltr'><strong>Β.</strong></span> <span class='ocrx_word' id='word_1_372' title='bbox 520 2418 562 2423; x_wconf 93' lang='grc'><strong>-</strong></span> <span class='ocrx_word' id='word_1_373' title='bbox 603 2397 634 2440; x_wconf 77' lang='lat'><strong>³)</strong></span> <span class='ocrx_word' id='word_1_374' title='bbox 670 2401 724 2432; x_wconf 91' lang='lat' dir='ltr'><strong>Ib.</strong></span> <span class='ocrx_word' id='word_1_375' title='bbox 761 2411 795 2442; x_wconf 89' lang='lat' dir='ltr'><strong>p.</strong></span> <span class='ocrx_word' id='word_1_376' title='bbox 833 2400 882 2433; x_wconf 84' lang='lat'><strong>85</strong></span> <span class='ocrx_word' id='word_1_377' title='bbox 909 2401 940 2432; x_wconf 86' lang='lat' dir='ltr'><strong>E</strong></span> <span class='ocrx_word' id='word_1_378' title='bbox 981 2417 1021 2423; x_wconf 90' lang='lat'>—</span> <span class='ocrx_word' id='word_1_379' title='bbox 1060 2401 1109 2434; x_wconf 88' lang='lat'><strong>88</strong></span> <span class='ocrx_word' id='word_1_380' title='bbox 1137 2401 1177 2434; x_wconf 90' lang='lat' dir='ltr'><strong>C.</strong></span> <span class='ocrx_word' id='word_1_381' title='bbox 1216 2418 1264 2424; x_wconf 92' lang='lat'><strong>—</strong></span> <span class='ocrx_word' id='word_1_382' title='bbox 1301 2397 1334 2441; x_wconf 73' lang='lat' dir='ltr'><strong>lt)</strong></span> <span class='ocrx_word' id='word_1_383' title='bbox 1367 2401 1553 2434; x_wconf 85' lang='lat' dir='ltr'><strong>Steinhart.</strong></span> <span class='ocrx_word' id='word_1_384' title='bbox 1588 2402 1629 2432; x_wconf 90' lang='lat' dir='ltr'><strong>de</strong></span> <span class='ocrx_word' id='word_1_385' title='bbox 1665 2401 1756 2432; x_wconf 83' lang='lat' dir='ltr'><strong>Plat.</strong></span> <span class='ocrx_word' id='word_1_386' title='bbox 1784 2399 1915 2432; x_wconf 86' lang='lat' dir='ltr'><strong>Phaed.</strong></span> <span class='ocrx_word' id='word_1_387' title='bbox 1952 2409 1986 2439; x_wconf 91' lang='lat' dir='ltr'><strong>p.</strong></span> <span class='ocrx_word' id='word_1_388' title='bbox 2021 2394 2109 2430; x_wconf 85' lang='grc'><strong>417.</strong></span> <span class='ocrx_word' id='word_1_389' title='bbox 2146 2394 2233 2430; x_wconf 82' lang='grc'><strong>426.</strong></span> <span class='ocrx_word' id='word_1_390' title='bbox 2272 2414 2319 2420; x_wconf 96' lang='grc'><strong>-</strong></span> <span class='ocrx_word' id='word_1_391' title='bbox 2358 2395 2389 2437; x_wconf 85' lang='lat'><strong>⁵)</strong></span> <span class='ocrx_word' id='word_1_392' title='bbox 2425 2398 2533 2430; x_wconf 78' lang='lat' dir='ltr'><strong>Arist.</strong></span> 
     </span>
     <span class='ocr_line' id='line_1_31' title="bbox 353 2454 2536 2501; baseline -0.003 -9"><span class='ocrx_word' id='word_1_393' title='bbox 353 2461 396 2493; x_wconf 88' lang='lat' dir='ltr'><strong>de</strong></span> <span class='ocrx_word' id='word_1_394' title='bbox 430 2470 484 2492; x_wconf 88' lang='lat' dir='ltr'><strong>an.</strong></span> <span class='ocrx_word' id='word_1_395' title='bbox 521 2459 540 2491; x_wconf 92' lang='grc' dir='ltr'>Ι</span> <span class='ocrx_word' id='word_1_396' title='bbox 575 2454 617 2499; x_wconf 92' lang='grc'><strong>4,</strong></span> <span class='ocrx_word' id='word_1_397' title='bbox 663 2458 786 2491; x_wconf 79' lang='grc'><strong>1-8.</strong></span> <span class='ocrx_word' id='word_1_398' title='bbox 855 2459 1060 2492; x_wconf 77' lang='lat' dir='ltr'><strong>Aristoteles</strong></span> <span class='ocrx_word' id='word_1_399' title='bbox 1099 2461 1235 2492; x_wconf 85' lang='lat' dir='ltr'><strong>eosdem</strong></span> <span class='ocrx_word' id='word_1_400' title='bbox 1280 2459 1514 2501; x_wconf 82' lang='lat' dir='ltr'><strong>Pythagoreos</strong></span> <span class='ocrx_word' id='word_1_401' title='bbox 1563 2460 1596 2490; x_wconf 89' lang='lat' dir='ltr'><strong>in</strong></span> <span class='ocrx_word' id='word_1_402' title='bbox 1640 2458 1812 2497; x_wconf 82' lang='lat' dir='ltr'><strong>Eudemo,</strong></span> <span class='ocrx_word' id='word_1_403' title='bbox 1855 2457 1912 2497; x_wconf 89' lang='lat' dir='ltr'><strong>qui</strong></span> <span class='ocrx_word' id='word_1_404' title='bbox 1952 2456 2106 2497; x_wconf 79' lang='lat' dir='ltr'><strong>dialogus</strong></span> <span class='ocrx_word' id='word_1_405' title='bbox 2150 2457 2343 2498; x_wconf 86' lang='lat' dir='ltr'><strong>deperditus</strong></span> <span class='ocrx_word' id='word_1_406' title='bbox 2383 2460 2450 2495; x_wconf 83' lang='lat' dir='ltr'><strong>est,</strong></span> <span class='ocrx_word' id='word_1_407' title='bbox 2495 2465 2536 2487; x_wconf 81' lang='lat' dir='ltr'><strong>ea</strong></span> 
     </span>
     <span class='ocr_line' id='line_1_32' title="bbox 352 2513 2535 2560; baseline -0.003 -10"><span class='ocrx_word' id='word_1_408' title='bbox 352 2519 482 2551; x_wconf 85' lang='lat' dir='ltr'><strong>ratione</strong></span> <span class='ocrx_word' id='word_1_409' title='bbox 506 2519 728 2560; x_wconf 83' lang='lat' dir='ltr'><strong>impugnasse</strong></span> <span class='ocrx_word' id='word_1_410' title='bbox 753 2519 884 2549; x_wconf 85' lang='lat' dir='ltr'><strong>videtur</strong></span> <span class='ocrx_word' id='word_1_411' title='bbox 910 2519 1058 2557; x_wconf 86' lang='lat' dir='ltr'><strong>diversa,</strong></span> <span class='ocrx_word' id='word_1_412' title='bbox 1097 2523 1134 2549; x_wconf 89' lang='lat' dir='ltr'><strong>ut</strong></span> <span class='ocrx_word' id='word_1_413' title='bbox 1159 2519 1214 2549; x_wconf 88' lang='lat' dir='ltr'><strong>vel</strong></span> <span class='ocrx_word' id='word_1_414' title='bbox 1239 2518 1283 2549; x_wconf 86' lang='lat' dir='ltr'><strong>ad</strong></span> <span class='ocrx_word' id='word_1_415' title='bbox 1308 2518 1400 2560; x_wconf 87' lang='lat' dir='ltr'><strong>vulgi</strong></span> <span class='ocrx_word' id='word_1_416' title='bbox 1434 2517 1609 2559; x_wconf 88' lang='lat' dir='ltr'><strong>opiniones</strong></span> <span class='ocrx_word' id='word_1_417' title='bbox 1636 2521 1834 2557; x_wconf 84' lang='lat' dir='ltr'><strong>argumenta</strong></span> <span class='ocrx_word' id='word_1_418' title='bbox 1869 2514 2068 2556; x_wconf 83' lang='lat' dir='ltr'><strong>applicaret.</strong></span> <span class='ocrx_word' id='word_1_419' title='bbox 2123 2513 2224 2554; x_wconf 87' lang='lat' dir='ltr'><strong>Quod</strong></span> <span class='ocrx_word' id='word_1_420' title='bbox 2251 2514 2386 2555; x_wconf 87' lang='lat' dir='ltr'><strong>quidem</strong></span> <span class='ocrx_word' id='word_1_421' title='bbox 2414 2513 2535 2545; x_wconf 86' lang='lat' dir='ltr'><strong>coniici</strong></span> 
     </span>
     <span class='ocr_line' id='line_1_33' title="bbox 351 2572 2535 2619; baseline -0.003 -8"><span class='ocrx_word' id='word_1_422' title='bbox 351 2578 431 2611; x_wconf 86' lang='lat' dir='ltr'><strong>licet</strong></span> <span class='ocrx_word' id='word_1_423' title='bbox 457 2588 499 2611; x_wconf 89' lang='lat' dir='ltr'><strong>ex</strong></span> <span class='ocrx_word' id='word_1_424' title='bbox 525 2577 669 2610; x_wconf 86' lang='lat' dir='ltr'><strong>Eudemi</strong></span> <span class='ocrx_word' id='word_1_425' title='bbox 695 2577 791 2617; x_wconf 89' lang='lat' dir='ltr'><strong>loco,</strong></span> <span class='ocrx_word' id='word_1_426' title='bbox 816 2586 916 2619; x_wconf 89' lang='lat' dir='ltr'><strong>quem</strong></span> <span class='ocrx_word' id='word_1_427' title='bbox 943 2577 1150 2610; x_wconf 86' lang='lat' dir='ltr'><strong>Plutarchus</strong></span> <span class='ocrx_word' id='word_1_428' title='bbox 1177 2577 1333 2617; x_wconf 87' lang='lat' dir='ltr'><strong>exhibet,</strong></span> <span class='ocrx_word' id='word_1_429' title='bbox 1368 2576 1562 2619; x_wconf 81' lang='lat' dir='ltr'><strong>praeclaro,</strong></span> <span class='ocrx_word' id='word_1_430' title='bbox 1597 2585 1663 2617; x_wconf 90' lang='lat' dir='ltr'><strong>quo</strong></span> <span class='ocrx_word' id='word_1_431' title='bbox 1689 2575 1811 2608; x_wconf 85' lang='lat' dir='ltr'><strong>mortui</strong></span> <span class='ocrx_word' id='word_1_432' title='bbox 1838 2575 1951 2606; x_wconf 88' lang='lat' dir='ltr'><strong>divina</strong></span> <span class='ocrx_word' id='word_1_433' title='bbox 1976 2575 2122 2616; x_wconf 85' lang='lat' dir='ltr'><strong>quadam</strong></span> <span class='ocrx_word' id='word_1_434' title='bbox 2148 2580 2237 2606; x_wconf 86' lang='lat' dir='ltr'><strong>sorte</strong></span> <span class='ocrx_word' id='word_1_435' title='bbox 2263 2573 2331 2605; x_wconf 84' lang='lat' dir='ltr'><strong>frui</strong></span> <span class='ocrx_word' id='word_1_436' title='bbox 2357 2578 2391 2605; x_wconf 87' lang='lat' dir='ltr'><strong>et</strong></span> <span class='ocrx_word' id='word_1_437' title='bbox 2416 2572 2535 2604; x_wconf 79' lang='lat' dir='ltr'><strong>felices</strong></span> 
     </span>
     <span class='ocr_line' id='line_1_34' title="bbox 353 2630 2537 2679; baseline -0.003 -11"><span class='ocrx_word' id='word_1_438' title='bbox 353 2637 510 2679; x_wconf 73' lang='lat' dir='ltr'><strong>beatique</strong></span> <span class='ocrx_word' id='word_1_439' title='bbox 536 2645 611 2668; x_wconf 81' lang='lat' dir='ltr'><strong>esse</strong></span> <span class='ocrx_word' id='word_1_440' title='bbox 638 2636 803 2668; x_wconf 83' lang='lat' dir='ltr'><strong>dicuntur.</strong></span> <span class='ocrx_word' id='word_1_441' title='bbox 841 2636 933 2668; x_wconf 88' lang='lat' dir='ltr'><strong>Plut.</strong></span> <span class='ocrx_word' id='word_1_442' title='bbox 961 2636 1091 2668; x_wconf 87' lang='lat' dir='ltr'><strong>consol.</strong></span> <span class='ocrx_word' id='word_1_443' title='bbox 1119 2636 1161 2667; x_wconf 86' lang='lat' dir='ltr'><strong>ad</strong></span> <span class='ocrx_word' id='word_1_444' title='bbox 1175 2635 1295 2677; x_wconf 80' lang='lat' dir='ltr'><strong>Apoll.</strong></span> <span class='ocrx_word' id='word_1_445' title='bbox 1322 2645 1352 2667; x_wconf 91' lang='lat' dir='ltr'><strong>c.</strong></span> <span class='ocrx_word' id='word_1_446' title='bbox 1381 2634 1442 2667; x_wconf 83' lang='lat'><strong>27.</strong></span> <span class='ocrx_word' id='word_1_447' title='bbox 1471 2634 1514 2666; x_wconf 77' lang='lat' dir='ltr'><strong>cf.</strong></span> <span class='ocrx_word' id='word_1_448' title='bbox 1551 2634 1707 2667; x_wconf 84' lang='lat' dir='ltr'><strong>Krische.</strong></span> <span class='ocrx_word' id='word_1_449' title='bbox 1733 2633 1800 2666; x_wconf 92' lang='lat' dir='ltr'><strong>Die</strong></span> <span class='ocrx_word' id='word_1_450' title='bbox 1813 2632 1982 2673; x_wconf 82' lang='lat' dir='ltr'><strong>Theolog.</strong></span> <span class='ocrx_word' id='word_1_451' title='bbox 2000 2631 2136 2664; x_wconf 86' lang='lat' dir='ltr'><strong>Lehren</strong></span> <span class='ocrx_word' id='word_1_452' title='bbox 2163 2632 2223 2664; x_wconf 88' lang='lat' dir='ltr'><strong>der</strong></span> <span class='ocrx_word' id='word_1_453' title='bbox 2251 2631 2383 2672; x_wconf 88' lang='lat' dir='ltr'><strong>griech.</strong></span> <span class='ocrx_word' id='word_1_454' title='bbox 2399 2630 2537 2663; x_wconf 88' lang='lat' dir='ltr'><strong>Denker</strong></span> 
     </span>
     <span class='ocr_line' id='line_1_35' title="bbox 354 2689 2535 2737; baseline -0.004 -9"><span class='ocrx_word' id='word_1_455' title='bbox 354 2706 390 2737; x_wconf 87' lang='lat' dir='ltr'><strong>p.</strong></span> <span class='ocrx_word' id='word_1_456' title='bbox 421 2695 467 2728; x_wconf 87' lang='lat'><strong>15</strong></span> <span class='ocrx_word' id='word_1_457' title='bbox 496 2706 569 2736; x_wconf 80' lang='lat' dir='ltr'><strong>sqq.</strong></span> <span class='ocrx_word' id='word_1_458' title='bbox 623 2694 835 2736; x_wconf 77' lang='lat' dir='ltr'><strong>Quamquam</strong></span> <span class='ocrx_word' id='word_1_459' title='bbox 861 2695 911 2726; x_wconf 87' lang='lat' dir='ltr'><strong>illi</strong></span> <span class='ocrx_word' id='word_1_460' title='bbox 938 2695 1014 2727; x_wconf 88' lang='lat' dir='ltr'><strong>loco</strong></span> <span class='ocrx_word' id='word_1_461' title='bbox 1041 2704 1084 2726; x_wconf 87' lang='lat' dir='ltr'><strong>ne</strong></span> <span class='ocrx_word' id='word_1_462' title='bbox 1110 2696 1248 2726; x_wconf 90' lang='lat' dir='ltr'><strong>nimium</strong></span> <span class='ocrx_word' id='word_1_463' title='bbox 1274 2695 1402 2726; x_wconf 79' lang='lat' dir='ltr'><strong>tribuas</strong></span> <span class='ocrx_word' id='word_1_464' title='bbox 1429 2699 1540 2724; x_wconf 84' lang='lat' dir='ltr'><strong>vetant</strong></span> <span class='ocrx_word' id='word_1_465' title='bbox 1575 2693 1633 2724; x_wconf 88' lang='lat' dir='ltr'><strong>alii</strong></span> <span class='ocrx_word' id='word_1_466' title='bbox 1668 2693 1733 2724; x_wconf 89' lang='lat' dir='ltr'><strong>loci</strong></span> <span class='ocrx_word' id='word_1_467' title='bbox 1760 2691 1974 2728; x_wconf 80' lang='lat' dir='ltr'><strong>Aristotelis,</strong></span> <span class='ocrx_word' id='word_1_468' title='bbox 2014 2691 2048 2721; x_wconf 88' lang='lat' dir='ltr'><strong>in</strong></span> <span class='ocrx_word' id='word_1_469' title='bbox 2074 2690 2196 2731; x_wconf 86' lang='lat' dir='ltr'><strong>quibus</strong></span> <span class='ocrx_word' id='word_1_470' title='bbox 2224 2690 2325 2720; x_wconf 83' lang='lat' dir='ltr'><strong>huius</strong></span> <span class='ocrx_word' id='word_1_471' title='bbox 2351 2690 2440 2720; x_wconf 78' lang='lat' dir='ltr'><strong>vitae</strong></span> <span class='ocrx_word' id='word_1_472' title='bbox 2467 2689 2535 2719; x_wconf 85' lang='lat' dir='ltr'><strong>sive</strong></span> 
     </span>
     <span class='ocr_line' id='line_1_36' title="bbox 354 2742 2532 2797; baseline -0.003 -10"><span class='ocrx_word' id='word_1_473' title='bbox 354 2754 447 2787; x_wconf 85' lang='lat' dir='ltr'><strong>mala</strong></span> <span class='ocrx_word' id='word_1_474' title='bbox 461 2754 530 2787; x_wconf 77' lang='lat' dir='ltr'><strong>sive</strong></span> <span class='ocrx_word' id='word_1_475' title='bbox 546 2755 723 2787; x_wconf 88' lang='lat' dir='ltr'><strong>commoda</strong></span> <span class='ocrx_word' id='word_1_476' title='bbox 733 2753 819 2786; x_wconf 85' lang='lat' dir='ltr'><strong>nihil</strong></span> <span class='ocrx_word' id='word_1_477' title='bbox 832 2763 939 2797; x_wconf 82' lang='lat' dir='ltr'><strong>paene</strong></span> <span class='ocrx_word' id='word_1_478' title='bbox 953 2753 996 2786; x_wconf 85' lang='lat' dir='ltr'><strong>ad</strong></span> <span class='ocrx_word' id='word_1_479' title='bbox 1006 2758 1156 2787; x_wconf 89' lang='lat' dir='ltr'><strong>mortuos</strong></span> <span class='ocrx_word' id='word_1_480' title='bbox 1170 2752 1338 2796; x_wconf 86' lang='lat' dir='ltr'><strong>pertinere</strong></span> <span class='ocrx_word' id='word_1_481' title='bbox 1351 2751 1500 2785; x_wconf 78' lang='lat' dir='ltr'><strong>affertur.</strong></span> <span class='ocrx_word' id='word_1_482' title='bbox 1528 2751 1608 2785; x_wconf 83' lang='lat' dir='ltr'><strong>Eth.</strong></span> <span class='ocrx_word' id='word_1_483' title='bbox 1623 2750 1697 2784; x_wconf 86' lang='lat' dir='ltr'><strong>Nic.</strong></span> <span class='ocrx_word' id='word_1_484' title='bbox 1713 2751 1731 2785; x_wconf 94' lang='lat'>1</span> <span class='ocrx_word' id='word_1_485' title='bbox 1750 2750 1792 2784; x_wconf 83' lang='lat'><strong>11</strong></span> <span class='ocrx_word' id='word_1_486' title='bbox 1809 2749 1854 2784; x_wconf 82' lang='lat' dir='ltr'><strong>cf.</strong></span> <span class='ocrx_word' id='word_1_487' title='bbox 1882 2749 1995 2783; x_wconf 85' lang='lat' dir='ltr'><strong>Zeller</strong></span> <span class='ocrx_word' id='word_1_488' title='bbox 2010 2748 2142 2782; x_wconf 86' lang='lat' dir='ltr'><strong>Philos.</strong></span> <span class='ocrx_word' id='word_1_489' title='bbox 2158 2758 2270 2791; x_wconf 86' lang='lat' dir='ltr'><strong>graec.</strong></span> <span class='ocrx_word' id='word_1_490' title='bbox 2286 2748 2324 2782; x_wconf 93' lang='lat'><strong>11</strong></span> <span class='ocrx_word' id='word_1_491' title='bbox 2338 2758 2372 2791; x_wconf 90' lang='lat' dir='ltr'><strong>p.</strong></span> <span class='ocrx_word' id='word_1_492' title='bbox 2383 2742 2470 2782; x_wconf 82' lang='lat'><strong>498.</strong></span> <span class='ocrx_word' id='word_1_493' title='bbox 2489 2763 2532 2770; x_wconf 93' lang='lat'><strong>—</strong></span> 
     </span>
     <span class='ocr_line' id='line_1_37' title="bbox 354 2806 2535 2856; baseline -0.004 -9"><span class='ocrx_word' id='word_1_494' title='bbox 354 2808 388 2854; x_wconf 85' lang='lat'><strong>⁶)</strong></span> <span class='ocrx_word' id='word_1_495' title='bbox 423 2813 479 2846; x_wconf 84' lang='lat' dir='ltr'><strong>De</strong></span> <span class='ocrx_word' id='word_1_496' title='bbox 505 2824 560 2846; x_wconf 87' lang='lat' dir='ltr'><strong>an.</strong></span> <span class='ocrx_word' id='word_1_497' title='bbox 588 2813 608 2845; x_wconf 92' lang='lat'>1</span> <span class='ocrx_word' id='word_1_498' title='bbox 634 2810 677 2853; x_wconf 84' lang='grc'><strong>4,</strong></span> <span class='ocrx_word' id='word_1_499' title='bbox 705 2812 747 2846; x_wconf 87' lang='lat'><strong>8:</strong></span> <span class='ocrx_word' id='word_1_500' title='bbox 776 2814 810 2845; x_wconf 73' lang='grc' dir='ltr'><strong>εἰ</strong></span> <span class='ocrx_word' id='word_1_501' title='bbox 835 2811 947 2849; x_wconf 78' lang='grc' dir='ltr'><em>δ’ἐςὶν</em></span> <span class='ocrx_word' id='word_1_502' title='bbox 972 2810 1093 2856; x_wconf 74' lang='grc' dir='ltr'><em>ἕτερον</em></span> <span class='ocrx_word' id='word_1_503' title='bbox 1118 2812 1137 2852; x_wconf 78' lang='grc' dir='ltr'><em>ἤ</em></span> <span class='ocrx_word' id='word_1_504' title='bbox 1166 2813 1261 2855; x_wconf 67' lang='grc' dir='ltr'><strong>ψυχὴ</strong></span> <span class='ocrx_word' id='word_1_505' title='bbox 1288 2813 1346 2851; x_wconf 78' lang='grc' dir='ltr'><strong>τῆς</strong></span> <span class='ocrx_word' id='word_1_506' title='bbox 1370 2812 1499 2856; x_wconf 77' lang='grc' dir='ltr'><strong><em>μίξεως</em></strong></span> <span class='ocrx_word' id='word_1_507' title='bbox 1516 2835 1525 2849; x_wconf 86' lang='grc'><strong><em>,</em></strong></span> <span class='ocrx_word' id='word_1_508' title='bbox 1552 2813 1585 2842; x_wconf 77' lang='grc' dir='ltr'><strong>τί</strong></span> <span class='ocrx_word' id='word_1_509' title='bbox 1611 2809 1653 2850; x_wconf 74' lang='grc' dir='ltr'><strong>δή</strong></span> <span class='ocrx_word' id='word_1_510' title='bbox 1682 2819 1766 2843; x_wconf 74' lang='grc' dir='ltr'><strong>ποτε</strong></span> <span class='ocrx_word' id='word_1_511' title='bbox 1804 2807 1882 2854; x_wconf 81' lang='grc' dir='ltr'><strong>ἅμα</strong></span> <span class='ocrx_word' id='word_1_512' title='bbox 1915 2811 1962 2852; x_wconf 72' lang='grc' dir='ltr'><strong>τῷ</strong></span> <span class='ocrx_word' id='word_1_513' title='bbox 1988 2809 2093 2853; x_wconf 77' lang='grc' dir='ltr'><strong><em>σαρκὶ</em></strong></span> <span class='ocrx_word' id='word_1_514' title='bbox 2121 2806 2218 2840; x_wconf 76' lang='grc' dir='ltr'><em>εἶναι</em></span> <span class='ocrx_word' id='word_1_515' title='bbox 2246 2806 2449 2852; x_wconf 73' lang='grc' dir='ltr'><em>ἀναιρεῖται</em></span> <span class='ocrx_word' id='word_1_516' title='bbox 2475 2808 2535 2838; x_wconf 80' lang='grc' dir='ltr'><strong>καὶ</strong></span> 
     </span>
     <span class='ocr_line' id='line_1_38' title="bbox 354 2864 2537 2918; baseline -0.004 -12"><span class='ocrx_word' id='word_1_517' title='bbox 354 2874 402 2917; x_wconf 75' lang='grc' dir='ltr'><strong>τῷ</strong></span> <span class='ocrx_word' id='word_1_518' title='bbox 427 2877 505 2910; x_wconf 78' lang='grc' dir='ltr'><em>τοῖς</em></span> <span class='ocrx_word' id='word_1_519' title='bbox 532 2870 655 2909; x_wconf 74' lang='grc' dir='ltr'><strong><em>ἄλλοις</em></strong></span> <span class='ocrx_word' id='word_1_520' title='bbox 680 2875 829 2918; x_wconf 68' lang='grc' dir='ltr'><strong><em>μορίοις</em></strong></span> <span class='ocrx_word' id='word_1_521' title='bbox 855 2868 916 2906; x_wconf 69' lang='lat' dir='ltr'><strong>rofi</strong></span> <span class='ocrx_word' id='word_1_522' title='bbox 943 2870 1053 2916; x_wconf 76' lang='grc' dir='ltr'><strong><em>ζῴου;</em></strong></span> <span class='ocrx_word' id='word_1_523' title='bbox 1090 2873 1184 2918; x_wconf 79' lang='grc' dir='ltr'><em>πρὸς</em></span> <span class='ocrx_word' id='word_1_524' title='bbox 1209 2869 1251 2904; x_wconf 79' lang='grc' dir='ltr'><strong>δὲ</strong></span> <span class='ocrx_word' id='word_1_525' title='bbox 1277 2870 1415 2908; x_wconf 74' lang='grc' dir='ltr'><strong><em>τούτοις</em></strong></span> <span class='ocrx_word' id='word_1_526' title='bbox 1442 2871 1546 2914; x_wconf 77' lang='grc' dir='ltr'><strong><em>εἴπερ</em></strong></span> <span class='ocrx_word' id='word_1_527' title='bbox 1569 2870 1619 2914; x_wconf 69' lang='grc' dir='ltr'><strong>μὴ</strong></span> <span class='ocrx_word' id='word_1_528' title='bbox 1647 2867 1774 2906; x_wconf 81' lang='grc' dir='ltr'><em>ἓκαςον</em></span> <span class='ocrx_word' id='word_1_529' title='bbox 1800 2870 1870 2902; x_wconf 74' lang='grc' dir='ltr'><strong>ταῖν</strong></span> <span class='ocrx_word' id='word_1_530' title='bbox 1895 2870 2035 2912; x_wconf 78' lang='grc' dir='ltr'><em>μορίων</em></span> <span class='ocrx_word' id='word_1_531' title='bbox 2062 2868 2182 2911; x_wconf 68' lang='grc' dir='ltr'><em>ψυχὴν</em></span> <span class='ocrx_word' id='word_1_532' title='bbox 2206 2867 2295 2910; x_wconf 74' lang='grc' dir='ltr'><strong><em>ἔχει,</em></strong></span> <span class='ocrx_word' id='word_1_533' title='bbox 2323 2867 2357 2899; x_wconf 70' lang='grc' dir='ltr'><strong>εἰ</strong></span> <span class='ocrx_word' id='word_1_534' title='bbox 2380 2864 2430 2911; x_wconf 70' lang='grc' dir='ltr'><strong>μή·</strong></span> <span class='ocrx_word' id='word_1_535' title='bbox 2459 2865 2537 2902; x_wconf 63' lang='lat' dir='ltr'><strong>lew</strong></span> 
     </span>
     <span class='ocr_line' id='line_1_39' title="bbox 355 2925 2536 2977; baseline -0.004 -11"><span class='ocrx_word' id='word_1_536' title='bbox 355 2930 377 2974; x_wconf 75' lang='grc' dir='ltr'><em>ἡ</em></span> <span class='ocrx_word' id='word_1_537' title='bbox 404 2932 501 2975; x_wconf 71' lang='grc' dir='ltr'><em>ψυχιὶ</em></span> <span class='ocrx_word' id='word_1_538' title='bbox 528 2931 548 2966; x_wconf 82' lang='grc' dir='ltr'>ὁ</span> <span class='ocrx_word' id='word_1_539' title='bbox 574 2929 682 2976; x_wconf 80' lang='grc' dir='ltr'><em>λόγος</em></span> <span class='ocrx_word' id='word_1_540' title='bbox 717 2935 775 2973; x_wconf 73' lang='grc' dir='ltr'><strong>τῆς</strong></span> <span class='ocrx_word' id='word_1_541' title='bbox 808 2932 960 2977; x_wconf 76' lang='grc' dir='ltr'><strong><em>μίξεως,</em></strong></span> <span class='ocrx_word' id='word_1_542' title='bbox 997 2935 1030 2964; x_wconf 75' lang='lat'><strong>11</strong></span> <span class='ocrx_word' id='word_1_543' title='bbox 1064 2932 1140 2969; x_wconf 80' lang='grc' dir='ltr'><strong>ἐςιν</strong></span> <span class='ocrx_word' id='word_1_544' title='bbox 1167 2929 1191 2964; x_wconf 73' lang='grc' dir='ltr'><em>ὃ</em></span> <span class='ocrx_word' id='word_1_545' title='bbox 1223 2932 1414 2976; x_wconf 74' lang='grc' dir='ltr'><strong><em>φθείρεται</em></strong></span> <span class='ocrx_word' id='word_1_546' title='bbox 1449 2931 1507 2970; x_wconf 73' lang='grc' dir='ltr'><strong>τῆς</strong></span> <span class='ocrx_word' id='word_1_547' title='bbox 1542 2932 1656 2973; x_wconf 74' lang='grc' dir='ltr'><em>ψυχῆς</em></span> <span class='ocrx_word' id='word_1_548' title='bbox 1688 2925 1977 2968; x_wconf 66' lang='grc' dir='ltr'><strong><em>ἀπολειπούσηςς</em></strong></span> <span class='ocrx_word' id='word_1_549' title='bbox 2011 2928 2086 2960; x_wconf 80' lang='lat' dir='ltr'><strong>vide</strong></span> <span class='ocrx_word' id='word_1_550' title='bbox 2113 2926 2467 2967; x_wconf 85' lang='lat' dir='ltr'><strong>Trendelenburgium</strong></span> <span class='ocrx_word' id='word_1_551' title='bbox 2501 2926 2536 2958; x_wconf 89' lang='lat' dir='ltr'><strong>in</strong></span> 
     </span>
     <span class='ocr_line' id='line_1_40' title="bbox 353 2983 2536 3037; baseline -0.003 -12"><span class='ocrx_word' id='word_1_552' title='bbox 353 2997 536 3025; x_wconf 85' lang='lat' dir='ltr'><strong>comment.</strong></span> <span class='ocrx_word' id='word_1_553' title='bbox 563 2992 608 3025; x_wconf 84' lang='lat' dir='ltr'><strong>ad</strong></span> <span class='ocrx_word' id='word_1_554' title='bbox 633 2992 740 3026; x_wconf 78' lang='lat' dir='ltr'><strong>Arist.</strong></span> <span class='ocrx_word' id='word_1_555' title='bbox 767 2992 810 3025; x_wconf 88' lang='lat' dir='ltr'><strong>de</strong></span> <span class='ocrx_word' id='word_1_556' title='bbox 836 3002 890 3026; x_wconf 86' lang='lat' dir='ltr'><strong>an.</strong></span> <span class='ocrx_word' id='word_1_557' title='bbox 919 3002 952 3037; x_wconf 89' lang='lat' dir='ltr'><strong>p.</strong></span> <span class='ocrx_word' id='word_1_558' title='bbox 983 2992 1069 3028; x_wconf 81' lang='lat'><strong>267.</strong></span> <span class='ocrx_word' id='word_1_559' title='bbox 1107 3008 1150 3015; x_wconf 97' lang='lat'><strong>—</strong></span> <span class='ocrx_word' id='word_1_560' title='bbox 1190 2985 1222 3033; x_wconf 82' lang='lat'><strong>⁷)</strong></span> <span class='ocrx_word' id='word_1_561' title='bbox 1250 2990 1326 3024; x_wconf 82' lang='lat' dir='ltr'><strong>Hoc</strong></span> <span class='ocrx_word' id='word_1_562' title='bbox 1352 2989 1513 3034; x_wconf 80' lang='lat' dir='ltr'><strong>suspicati</strong></span> <span class='ocrx_word' id='word_1_563' title='bbox 1540 2994 1617 3022; x_wconf 87' lang='lat' dir='ltr'><strong>sunt</strong></span> <span class='ocrx_word' id='word_1_564' title='bbox 1642 2993 1772 3022; x_wconf 80' lang='lat' dir='ltr'><strong>veteres</strong></span> <span class='ocrx_word' id='word_1_565' title='bbox 1798 2991 2095 3028; x_wconf 83' lang='lat' dir='ltr'><strong>commentatores,</strong></span> <span class='ocrx_word' id='word_1_566' title='bbox 2120 2995 2261 3029; x_wconf 87' lang='lat' dir='ltr'><strong>quorum</strong></span> <span class='ocrx_word' id='word_1_567' title='bbox 2287 2985 2412 3019; x_wconf 87' lang='lat' dir='ltr'><strong>iudicia</strong></span> <span class='ocrx_word' id='word_1_568' title='bbox 2438 2983 2536 3018; x_wconf 84' lang='lat' dir='ltr'><strong>aflert</strong></span> 
     </span>
     <span class='ocr_line' id='line_1_41' title="bbox 357 3044 2536 3094; baseline -0.005 -8"><span class='ocrx_word' id='word_1_569' title='bbox 357 3052 640 3094; x_wconf 71' lang='lat' dir='ltr'><strong>&#39;Brendelenbnrg</strong></span> <span class='ocrx_word' id='word_1_570' title='bbox 674 3054 697 3085; x_wconf 96' lang='lat' dir='ltr'><strong>l.</strong></span> <span class='ocrx_word' id='word_1_571' title='bbox 726 3054 750 3085; x_wconf 90' lang='lat'><strong>1.</strong></span> <span class='ocrx_word' id='word_1_572' title='bbox 792 3070 840 3078; x_wconf 92' lang='lat'><em>-</em></span> <span class='ocrx_word' id='word_1_573' title='bbox 868 3046 901 3094; x_wconf 77' lang='lat'><strong>⁸)</strong></span> <span class='ocrx_word' id='word_1_574' title='bbox 937 3054 991 3085; x_wconf 92' lang='lat' dir='ltr'><strong>De</strong></span> <span class='ocrx_word' id='word_1_575' title='bbox 1018 3063 1073 3085; x_wconf 81' lang='lat' dir='ltr'><strong>an.</strong></span> <span class='ocrx_word' id='word_1_576' title='bbox 1102 3053 1141 3085; x_wconf 92' lang='lat'><strong>11</strong></span> <span class='ocrx_word' id='word_1_577' title='bbox 1167 3052 1209 3092; x_wconf 86' lang='lat'><strong>2,</strong></span> <span class='ocrx_word' id='word_1_578' title='bbox 1241 3047 1306 3084; x_wconf 76' lang='lat'><strong>14:</strong></span> <span class='ocrx_word' id='word_1_579' title='bbox 1345 3049 1471 3088; x_wconf 73' lang='grc' dir='ltr'><strong><em>ἕκάςου</em></strong></span> <span class='ocrx_word' id='word_1_580' title='bbox 1496 3050 1566 3094; x_wconf 75' lang='grc' dir='ltr'><strong>γὰρ</strong></span> <span class='ocrx_word' id='word_1_581' title='bbox 1593 3048 1612 3088; x_wconf 74' lang='grc' dir='ltr'><em>ἦ</em></span> <span class='ocrx_word' id='word_1_582' title='bbox 1640 3049 1838 3092; x_wconf 72' lang='grc' dir='ltr'><strong>ἐντελέχεια</strong></span> <span class='ocrx_word' id='word_1_583' title='bbox 1864 3047 1905 3079; x_wconf 75' lang='grc' dir='ltr'><strong>ἐν</strong></span> <span class='ocrx_word' id='word_1_584' title='bbox 1931 3044 1978 3091; x_wconf 77' lang='grc' dir='ltr'><strong>τῷ</strong></span> <span class='ocrx_word' id='word_1_585' title='bbox 2005 3044 2161 3091; x_wconf 75' lang='grc' dir='ltr'><em>δυνάμει</em></span> <span class='ocrx_word' id='word_1_586' title='bbox 2189 3045 2387 3089; x_wconf 74' lang='grc' dir='ltr'><em>ὑπάρχοντι</em></span> <span class='ocrx_word' id='word_1_587' title='bbox 2412 3045 2471 3076; x_wconf 78' lang='grc' dir='ltr'><strong>καὶ</strong></span> <span class='ocrx_word' id='word_1_588' title='bbox 2499 3047 2536 3090; x_wconf 71' lang='grc' dir='ltr'><strong>τῇ</strong></span> 
     </span>
     <span class='ocr_line' id='line_1_42' title="bbox 360 3103 2537 3156; baseline -0.005 -12"><span class='ocrx_word' id='word_1_589' title='bbox 360 3113 474 3154; x_wconf 69' lang='grc' dir='ltr'>οἰκείᾳ</span> <span class='ocrx_word' id='word_1_590' title='bbox 503 3108 566 3156; x_wconf 71' lang='grc' dir='ltr'><strong>ὕλῃ</strong></span> <span class='ocrx_word' id='word_1_591' title='bbox 591 3113 755 3154; x_wconf 74' lang='grc' dir='ltr'><strong>πέφυκεν</strong></span> <span class='ocrx_word' id='word_1_592' title='bbox 772 3113 1007 3155; x_wconf 72' lang='grc' dir='ltr'><strong>ἐγγὶνεσθαις</strong></span> <span class='ocrx_word' id='word_1_593' title='bbox 1034 3112 1100 3143; x_wconf 90' lang='lat' dir='ltr'><strong>vid.</strong></span> <span class='ocrx_word' id='word_1_594' title='bbox 1127 3110 1416 3150; x_wconf 82' lang='lat' dir='ltr'><strong>Trendelenburg.</strong></span> <span class='ocrx_word' id='word_1_595' title='bbox 1445 3110 1479 3140; x_wconf 89' lang='lat' dir='ltr'><strong>in</strong></span> <span class='ocrx_word' id='word_1_596' title='bbox 1506 3118 1624 3139; x_wconf 88' lang='lat' dir='ltr'><strong>comm.</strong></span> <span class='ocrx_word' id='word_1_597' title='bbox 1660 3108 1736 3145; x_wconf 85' lang='lat' dir='ltr'><strong>„Ita</strong></span> <span class='ocrx_word' id='word_1_598' title='bbox 1753 3117 1821 3139; x_wconf 89' lang='lat' dir='ltr'><strong>non</strong></span> <span class='ocrx_word' id='word_1_599' title='bbox 1837 3107 2042 3139; x_wconf 84' lang='lat' dir='ltr'><strong>extrinsecus</strong></span> <span class='ocrx_word' id='word_1_600' title='bbox 2070 3103 2232 3148; x_wconf 79' lang='grc' dir='ltr'><em>δύναμιν</em></span> <span class='ocrx_word' id='word_1_601' title='bbox 2258 3111 2290 3136; x_wconf 87' lang='lat' dir='ltr'><strong>et</strong></span> <span class='ocrx_word' id='word_1_602' title='bbox 2317 3103 2537 3145; x_wconf 74' lang='grc' dir='ltr'><strong>ἐντελέχειαν</strong></span> 
     </span>
     <span class='ocr_line' id='line_1_43' title="bbox 357 3166 1596 3213; baseline -0.004 -10"><span class='ocrx_word' id='word_1_603' title='bbox 357 3171 538 3213; x_wconf 86' lang='lat' dir='ltr'><strong>componit,</strong></span> <span class='ocrx_word' id='word_1_604' title='bbox 566 3171 625 3203; x_wconf 79' lang='lat' dir='ltr'><strong>sed</strong></span> <span class='ocrx_word' id='word_1_605' title='bbox 650 3181 752 3204; x_wconf 82' lang='lat' dir='ltr'><strong>unam</strong></span> <span class='ocrx_word' id='word_1_606' title='bbox 778 3181 854 3204; x_wconf 86' lang='lat' dir='ltr'><strong>cum</strong></span> <span class='ocrx_word' id='word_1_607' title='bbox 881 3171 990 3204; x_wconf 85' lang='lat' dir='ltr'><strong>altera</strong></span> <span class='ocrx_word' id='word_1_608' title='bbox 1015 3180 1057 3203; x_wconf 86' lang='lat' dir='ltr'><strong>ex</strong></span> <span class='ocrx_word' id='word_1_609' title='bbox 1084 3170 1202 3203; x_wconf 87' lang='lat' dir='ltr'><strong>eodem</strong></span> <span class='ocrx_word' id='word_1_610' title='bbox 1227 3170 1377 3211; x_wconf 87' lang='lat' dir='ltr'><strong>germine</strong></span> <span class='ocrx_word' id='word_1_611' title='bbox 1402 3166 1596 3211; x_wconf 66' lang='lat' dir='ltr'><strong>prox-‘ocat.“</strong></span> 
     </span>
    </p>
   </div>
   <div class='ocr_carea' id='block_1_7' title="bbox 0 3669 2744 3711">
    <p class='ocr_par' dir='ltr' id='par_1_8' title="bbox 0 3669 2744 3711">
     <span class='ocr_line' id='line_1_44' title="bbox 0 3669 2744 3711; baseline 0 0"><span class='ocrx_word' id='word_1_612' title='bbox 0 3669 2744 3711; x_wconf 95' lang='lat' dir='ltr'><strong> </strong></span> 
     </span>
    </p>
   </div>
  </div>
 </body>
</html>
