2744 3711
1205 202 1492 245 ..12-

172 335 224 378 ad
245 341 414 378 mortem
433 333 526 390 (01.
547 332 727 376 GXXVH
744 331 805 387 2)
823 332 986 375 iunctus
1005 337 1068 375 est
1081 332 1138 387 ²),
1157 332 1292 375 Strato
1309 333 1506 387 magistro
1515 332 1788 385 Theophrasto
1806 332 1849 374 in
1867 332 2003 387 Lyceo
2021 333 2218 375 successit
2236 332 2329 389 (Ol.
2347 332 2508 376 cxxiii

173 406 303 463 BP).
333 406 523 461 Uterque
538 406 800 460 philosophus
818 406 868 448 -in
895 404 980 448 suis
1001 403 1248 458 exponendis
1276 406 1512 460 pugnaciter
1537 417 1630 448 enm
1654 404 1744 448 aliis
1765 405 1940 448 certavit
1954 405 2130 456 imitatu·
2153 405 2326 449 fortasse
2352 416 2506 459 morem

173 477 417 531 Aristotelis,
455 478 526 533 qui
563 478 839 533 antiquiorum·
859 484 903 520 et
937 476 1159 530 aequalium
1197 475 1345 530 placita
1371 489 1462 519 etim
1500 477 1584 520 suis
1605 476 1809 520 =oonferre
1836 477 2058 544 adamum
2078 476 2137 534 ἔ1).
2193 476 2397 532 Epicurus
2428 489 2509 521 au·-

173 560 269 606 tem,
307 557 458 607 quanto
494 552 626 595 minus
653 552 755 607 ipsa
777 550 1050 607 philosophiae
1087 549 1302 604 penetralia
1328 549 1501 593 adeundi
1530 556 1579 593 >et
1604 562 1710 593 nova
1747 549 2002 607 inphysicis
2031 551 2253 606 quaerendi
2289 550 2508 606 studiosus,

172 632 284 670 tanto
314 626 573 680 ¹surripiendi
610 626 738 668 aliena
775 625 972 679 cupidior,
1010 635 1192 679 magnam
1230 624 1549 669 testimoniorum
1576 626 1728 679 copiam
1767 625 1942 668 aliunde
1960 626 2002 668 in
2024 625 2166 667 *libros
2204 636 2301 668 suos
2328 636 2508 681 conges-

172 699 226 743 sit
243 698 309 755 ¹³).
374 700 620 753 Quamquam
657 699 747 753 ipse
783 699 882 741 nihil
917 709 964 740 se
1001 697 1089 738 aliis
1126 696 1276 739 debere
1314 704 1355 741 et
1392 699 1556 752 proprio
1594 699 1721 742 Marte
1757 710 1870 742 suam
1910 709 1957 741 se
1993 697 2243 753 disciplinam
2280 697 2506 742 confecisse

172 772 372 828 gloriatus
420 777 485 814 est
516 771 573 827 ⁶).
635 772 768 814 Potuit
804 777 960 823 autern,
1014 782 1106 812 cum
1153 770 1280 824 primo
1328 771 1601 825 philosophiae
1648 772 1862 813 discendae
1908 782 2051 813 caussa
2087 771 2207 831 Samo
2244 771 2422 822 Athenas
2463 783 2509 815 se

173 844 416 888 contulisset
454 844 730 898 duodeviginti
775 854 970 885 annorum
1011 843 1332 884 adolescentulus
1371 843 1462 899 (01.
1506 843 1626 885 CXIV
1671 842 1726 899 1)
1755 844 1814 899 ⁶),
1851 855 1877 885 e
1915 844 2090 886 Platonis
2127 844 2332 897 discipulis
2370 845 2508 887 audire

173 919 464 969 Xenocratem,
512 918 581 970 qui
625 922 717 969 post
755 916 1019 969 Speusippum
1056 916 1296 957 Academiae
1343 918 1603 970 principatum
1650 921 1883 970 susceperat
1891 929 1904 966 3
1949 923 1991 958 et
2035 924 2130 959 sunt
2177 918 2357 959 nonnulli
2405 919 2510 959 inter

173 996 350 1041 veteres,
390 990 458 1043 qui
497 989 623 1029 fuisse
659 988 772 1029 illum
799 988 1036 1029 Xenocratis
1064 989 1285 1029 auditorem
1313 995 1501 1043 putarunt
1523 988 1587 1044 ’,Β
1627 990 1756 1042 potuit
1789 989 1896 1030 idem
1929 989 2114 1031 facillime
2140 992 2321 1033 notitiam
2349 991 2508 1044 assequi

172 1062 411 1117 placitorum
437 1062 687 1114 Aristotelis,
723 1048 857 1115 quem,
891 1062 928 1103 si
963 1061 1062 1103 fides
1078 1061 1270 1112 *habenda
1298 1069 1360 1104 est
1388 1061 1636 1117 Apollodoro
1661 1063 1703 1102 in
1730 1062 1931 1105 chronicis
1939 1062 1987 1118 Β)
2015 1063 2222 1113 referenti,
2249 1064 2508 1105 Aristotelem

172 1135 398 1177 Chalcidem
426 1134 660 1189 confugisse
679 1134 772 1189 (Ol.
792 1134 912 1176 CXIV
933 1135 1007 1189 3),
1026 1135 1156 1188 ipsum
1184 1135 1354 1176 Athenis
1379 1135 1591 1177 docentem
1617 1136 1793 1184 invenit3
1829 1137 1890 1177 sin
1909 1136 2131 1177 Heraclidis
2158 1137 2296 1178 bembi
2326 1136 2509 1178 testimo-

169 1208 237 1249 nio
259 1208 308 1262 ⁹)
346 1208 563 1258 credimus,
602 1207 801 1260 Epicurus
839 1218 890 1247 eo
929 1213 1110 1260 ternpore
1137 1208 1313 1249 Athenas
1351 1208 1530 1257 advenit,
1569 1220 1649 1262 quo
1687 1209 1932 1251 Aristoteles
1969 1210 2149 1251 scholam
2186 1210 2354 1251 habebat
2388 1209 2507 1256 Chal-

170 1281 274 1332 cide,
311 1282 354 1321 in
381 1280 517 1334 Lyceo
549 1281 719 1321 docebat
747 1280 1057 1333 Theophrastus,
1118 1280 1384 1333 Theophrasti
1417 1281 1602 1334 physicae
1631 1281 1862 1334 disciplinae
1888 1283 2196 1336 cognoscendae
2225 1294 2389 1336 operam
2415 1294 2507 1323 eum

170 1363 342 1394 navasse
381 1352 611 1394 certissimo
650 1359 806 1395 constat
844 1353 1070 1394 testimonio
1099 1351 1321 1405 Plutarchi,
1358 1353 1425 1406 qui
1463 1365 1515 1395 ex
1553 1354 1650 1408 ipsis
1676 1353 1839 1407 Epicuri
1876 1353 1990 1396 libris
2024 1355 2219 1397 adversus
2257 1354 2368 1396 illum
2405 1365 2506 1395 con-

169 1426 335 1478 scriptis
383 1425 597 1466 nonnullas
644 1408 861 1467 sententias
908 1425 1024 1466 affert
1072 1425 1122 1464 de
1169 1424 1373 1465 coloribus
1419 1432 1701 1468 controversas
1735 1426 1808 1480 ¹⁰).
1882 1427 1969 1468 Etsi
2007 1439 2130 1479 vero,
2154 1428 2272 1479 ⁴quid
2310 1427 2506 1479 Epicurus

169 1499 402 1552 aequalibus
444 1498 692 1551 philosophis
726 1499 912 1541 debuerit
949 1504 1018 1539 aut
1054 1498 1288 1550 opposuerit
1326 1498 1445 1540 nullis
1484 1504 1638 1540 constat
1672 1499 1907 1541 testimoniis
1945 1502 2117 1553 apertis,
2157 1501 2406 1542 manifestum
2444 1505 2507 1541 est

168 1578 318 1622 tamen,
346 1582 438 1612 eum
471 1582 571 1612 suae
600 1571 738 1613 aetatis
767 1570 1039 1623 philosophiae
1065 1570 1260 1612 rationem
1289 1570 1475 1612 habuisse
1502 1570 1724 1623 plurimam,
1754 1577 1797 1614 ut
1815 1556 1901 1615 'nisi
1921 1579 2148 1626 comparata
2168 1586 2259 1616 cum
2281 1571 2503 1625 aequalium

168 1643 376 1684 sententiis
424 1642 568 1694 placita
618 1643 705 1684 eius
753 1644 941 1696 graviora
988 1642 1157 1695 intelligi
1206 1655 1330 1694 paene
1364 1650 1573 1695 nequeant.
1636 1644 1720 1685 Nec
1757 1645 1873 1687 aliter
1912 1648 2058 1699 poterit
2106 1648 2145 1689 in
2193 1652 2301 1688 tanta
2338 1645 2503 1698 Epicuri

169 1715 411 1767 scriptorum
450 1715 604 1758 iactura
642 1715 870 1767 ponderari,
910 1715 1004 1768 quid
1044 1714 1236 1769 magistro
1267 1715 1478 1757 Lucretius
1508 1716 1649 1759 debeat
1689 1717 1917 1770 discipuluS,
1957 1725 2025 1761 aut
2064 1719 2236 1773 perspici
2274 1718 2386 1770 satis,
2426 1728 2502 1770 qua
2578 1713 2591 1720 '

167 1788 328 1831 ratione
367 1794 486 1840 poeta
525 1795 761 1845 argumenta
801 1789 876 1830 alia
915 1801 966 1829 ex
1004 1787 1090 1828 aliis
1128 1793 1218 1841 apta
1256 1793 1296 1828 et
1336 1800 1438 1829 nexa
1476 1801 1567 1829 esse
1606 1790 1793 1833 voluerit.

339 1861 427 1903 Jam
464 1861 571 1914 quod
610 1862 785 1904 omnium
823 1863 992 1905 maxime
1029 1867 1150 1914 patet,
1189 1860 1387 1914 Epicurus
1426 1872 1515 1902 cum
1554 1862 1681 1904 tribus
1720 1863 1820 1915 illis,
1858 1873 1959 1916 quos
1998 1862 2106 1913 dixi,
2144 1860 2414 1913 Peripateticis
2453 1871 2501 1902 eo

166 1932 283 1988 plane
323 1923 542 1986 consensit,
585 1932 691 1987 quod
731 1933 771 1976 in
810 1933 911 1992 sola,
934 1945 1123 1977 sensuum
1163 1932 1409 1987 experientia
1438 1944 1594 1975 omnem
1634 1935 2081 1991 rerumw‘ognitionem
2120 1932 2342 1976 collocavit.
2393 1931 2501 1975 Idem

166 2006 262 2051 fecit
299 2006 466 2061 Epicuri
504 2005 680 2061 aequalis
708 2006 832 2061 Zeno,
870 2006 1028 2051 Stoicae
1066 2006 1227 2050 scholae
1266 2016 1422 2060 parens.
1466 2005 1641 2060 Uterque
1679 2006 1938 2062 philosophus
1965 2007 2038 2050 hac
2069 2006 2318 2061 potissimum
2347 2017 2501 2060 caussa,

165 2080 274 2134 quod
311 2079 388 2124 nisi
426 2080 612 2123 sensibus
650 2081 906 2125 extrinsecus
935 2086 1025 2124 ante
1053 2079 1206 2122 affectis
1243 2077 1340 2120 nihil
1369 2084 1503 2131 posset
1533 2081 1739 2135 cognosci,
1777 2080 1970 2125 adductus
2003 2092 2093 2125 esse
2121 2080 2296 2131 videtur,
2334 2084 2377 2123 ut
2405 2078 2501 2123 solis

165 2152 404 2206 corporibus
443 2164 583 2194 veram
631 2152 735 2193 effici
783 2165 921 2194 rerum
969 2159 1150 2204 naturam
1201 2157 1396 2193 statueret
1432 2150 1503 2206 ²¹).
1563 2153 1647 2194 Nec
1695 2154 1824 2195 minus
1872 2159 2067 2207 uterque,
2114 2154 2220 2207 quod
2260 2152 2499 2195 Aristoteles

165 2226 476 2277 existimaverat,
517 2226 627 2280 tangi
666 2232 706 2268 et
736 2228 891 2268 moveri
932 2227 1138 2267 materiam
1168 2237 1232 2276 eo,
1272 2226 1379 2277 quod
1407 2237 1478 2265 sua
1508 2231 1647 2266 natura
1675 2227 1842 2280 simplex
1871 2232 1912 2268 et
1942 2228 2168 2269 mutationis
2198 2237 2345 2279 expers
2379 2230 2500 2275 esset,

164 2298 405 2350 repudiavit,
445 2304 486 2340 et
524 2299 716 2352 quidquid
755 2304 940 2354 tangeret
979 2305 1046 2342 aut
1071 2305 1290 2352 pateretur,
1330 2300 1561 2340 necessario
1594 2311 1741 2353 corpus
1768 2312 1860 2342 esse
1890 2300 2083 2342 decrevit.
2142 2300 2339 2352 Epicurus
2368 2305 2499 2340 autem

163 2375 326 2423 praeter
363 2372 531 2423 spatium
560 2385 747 2425 vacuum,
789 2372 881 2426 quia
920 2371 1049 2415 solum
1088 2383 1165 2413 nec
1203 2375 1390 2425 tangeret
1429 2383 1503 2413 nec
1539 2377 1786 2426 tangeretur,
1826 2372 1922 2414 nihil
1957 2372 2291 2414 omnino-vacans
2330 2381 2501 2422 corpore

163 2456 259 2487 esse
298 2449 368 2485 aut
406 2445 630 2487 seiunctum
669 2446 718 2487 ab
757 2457 806 2487 eo
846 2457 917 2497 per
950 2456 995 2486 se
1034 2451 1219 2487 constare
1256 2444 1547 2499 contendit12).
1607 2447 1762 2499 Quare,
1800 2446 1907 2500 quod
1949 2450 2262 2487 consentaneum
2301 2450 2410 2496 erat,
2458 2443 2497 2484 in

162 2518 325 2573 physica
364 2517 463 2559 duas
497 2518 677 2571 inprimis
711 2518 967 2571 quaestiones
1006 2518 1188 2570 instituit,
1229 2518 1407 2570 alteram,
1448 2519 1645 2572 quomodo
1685 2520 1724 2560 in
1759 2530 1880 2561 sensu
1918 2520 2134 2573 animoque
2162 2530 2299 2559 rerum
2338 2517 2500 2559 notitiae

161 2590 406 2639 existerent,
445 2589 635 2641 alteram,
675 2602 777 2643 quae
816 2590 969 2631 animae
1009 2595 1150 2630 natura
1194 2596 1301 2631 esset
1336 2591 1540 2645 qualisque
1579 2605 1668 2633 cum
1699 2603 1870 2644 corpore
1913 2593 2154 2634 coniunctio.
2219 2589 2282 2631 Ad
2332 2589 2497 2630 alteram

161 2663 436 2716 quaestionem
476 2663 651 2715 priorem
689 2662 903 2703 referenda
939 2666 1035 2703 sunt
1072 2674 1332 2716 quaecunque
1375 2664 1560 2716 exposuit
1600 2664 1649 2705 de
1692 2676 1828 2705 rerum
1867 2663 2037 2723 effluviis
2077 2675 2123 2704 ac
2163 2662 2394 2704 simulacris.
2457 2660 2500 2703 ln

161 2746 240 2789 quo
268 2741 507 2789 argumento
545 2735 750 2777 tractando
780 2735 988 2776 maximam
1016 2746 1178 2788 operam
1209 2736 1319 2776 dedit
1348 2742 1401 2785 ut,
1442 2737 1548 2789 quod
1578 2737 1836 2779 Aristotelem
1868 2742 2041 2778 constat,
2059 2748 2246 2791 negasse,
2284 2746 2497 2787 corporum

318 2933 348 2972 ¹)
375 2934 478 2974 Diog.
506 2933 621 2966 Laert.
647 2934 682 2965 X
715 2934 772 2967 15.
789 2927 885 2974 -²)
913 2934 968 2966 Ib.
996 2934 1030 2965 V
1058 2934 1175 2967 58.—
1194 2934 1224 2974 3)
1252 2935 1398 2968 Krische
1425 2935 1450 2966 1.
1478 2936 1501 2967 1.
1530 2946 1563 2977 p.
1593 2934 1679 2968 352.
1708 2953 1756 2959 —
1783 2930 1816 2975 ι’)
1843 2935 1945 2976 Diog.
1972 2935 2012 2967 L.
2041 2936 2075 2967 X
2104 2934 2163 2967 27.
2187 2951 2232 2957 —-
2258 2932 2289 2974 ⁵)
2319 2934 2390 2966 Cic.
2417 2934 2498 2967 Nat.

313 2991 418 3024 Deor.
433 2991 452 3024 1
467 2989 526 3025 26.
555 2989 739 3025 Steinhart.
767 2992 804 3025 in
829 2991 966 3025 Erschii
993 2997 1027 3025 et
1043 2991 1188 3027 Gruberi
1215 2995 1336 3026 artium
1363 2998 1396 3026 et
1422 2992 1523 3029 litter.
1552 2994 1725 3040 encyclop.
1756 3004 1784 3027 s.
1810 3004 1841 3027 v.
1864 2994 2003 3037 Epicuri
2030 3004 2063 3037 p.
2093 2989 2179 3027 461.
2205 3008 2252 3016 --
2270 2986 2303 3033 ⁶)
2329 2991 2432 3035 Diog.
2455 2993 2496 3026 L.

314 3049 348 3082 X
380 3050 413 3081 1.
437 3066 484 3073 --
515 3048 544 3089 ⁷)
572 3049 676 3092 Diog.
688 3050 728 3082 L.
757 3050 792 3082 X
825 3049 882 3082 13.
913 3050 984 3083 Cic.
1012 3050 1092 3083 Nat.
1119 3052 1224 3084 Deor.
1251 3052 1270 3084 I
1298 3050 1357 3092 26,
1387 3051 1444 3084 72.
1475 3068 1521 3074 -
1550 3046 1581 3093 8)
1607 3052 1762 3094 Diog.L.
1791 3051 1825 3083 V
1858 3051 1913 3085 10.
1942 3066 1991 3075 —-
2018 3046 2051 3093 ⁹)
2078 3052 2132 3084 Ib.
2159 3052 2194 3084 X
2226 3052 2256 3083 1.
2285 3051 2390 3084 Stahr
2416 3052 2498 3085 Ari-

315 3108 449 3141 stotelia.
475 3108 493 3140 1
526 3104 595 3141 146
624 3119 674 3150 sq.
692 3125 738 3131 -
759 3104 806 3148 ¹⁰)
833 3108 937 3152 Plan„
955 3110 1030 3142 adv,
1060 3110 1134 3142 Col.
1163 3121 1191 3143 c.
1208 3111 1291 3144 V11.
1320 3110 1427 3145 Stahr.
1450 3111 1475 3142 1.
1504 3112 1526 3143 1.
1555 3121 1588 3153 p.
1618 3111 1678 3144 92.
1708 3127 1753 3133 —
1787 3110 1832 3152 ¹¹)
1859 3112 1960 3154 Diog.
1976 3112 2018 3145 L.
2045 3112 2080 3143 X
2107 3110 2168 3144 39.
2201 3111 2335 3143 Lueret.
2365 3112 2383 3143 Ι
2410 3106 2495 3144 422.

307 3167 361 3199 De
388 3167 509 3199 Stoicis
535 3167 602 3197 vid.
630 3167 850 3202 Tiedemann.
879 3167 1020 3208 System.
1048 3169 1179 3200 Philos.
1208 3169 1310 3202 Stoic.
1340 3170 1358 3200 I
1385 3165 1443 3200 84.
1473 3169 1586 3201 Zellcr
1612 3170 1684 3201 151.
1714 3170 1770 3201 111
1798 3169 1857 3201 31.
1887 3166 1949 3202 48.
1973 3166 2093 3202 54.—
2111 3168 2156 3210 ¹²)
2185 3170 2287 3211 Diog.
2303 3169 2343 3200 L.
2372 3170 2405 3201 X
2433 3169 2495 3203 67.

384 3699 391 3706 ³
427 3700 550 3711 '‘na-iss.
561 3706 572 3711 c
598 3709 604 3711 .
617 3710 622 3711 ⁷
677 3700 823 3711 ,ιώ-..νέμῃ-
864 3705 1040 3711 <.‚-.„,.—..-.-x.
1057 3709 1070 3711 „⁷
1102 3709 1113 3711 γ,
1124 3701 1512 3711 *Anu-Qxssa-..ssi
1525 3705 1571 3711 μ...
1588 3702 1828 3711 .“-.Δ.ἎΑΛι-.-.Δμ>
