2744 3711
1214 185 1498 237 -28-

183 320 305 366 tertio
331 319 436 366 libro
461 319 629 374 protulit
654 319 895 373 sententiam
923 319 975 362 de
994 318 1114 364 enini
1141 324 1183 364 at
1212 318 1395 372 corporis
1413 318 1703 369 consuetudine
1731 330 1860 373 eaque
1882 319 2041 361 ratione
2066 317 2260 371 foederis,
2288 332 2368 373 qua
2393 319 2512 365 homo

183 393 342 437 exsistit
365 398 413 437 nt
432 404 563 435 unum
591 390 776 448 quiddam
804 404 852 435 ac
880 397 1022 445 totum,
1055 391 1173 436 cuins
1199 391 1359 448 singula
1386 381 1564 438 membra
1588 404 1638 436 ac
1667 392 1826 437 diversa
1853 392 2078 441 consistere
2105 393 2269 436 omnino
2297 402 2515 448 nequeunt,

184 468 262 511 nisi
297 468 416 510 nnius
445 467 629 520 corporis
658 466 820 510 vinculo
850 466 1107 509 continentur
1131 464 1187 520 ²).
1246 464 1350 508 Illud
1377 478 1477 514 vero
1505 465 1723 519 vinculum,
1753 472 1798 509 ut
1826 465 1945 509 modo
1975 465 2160 519 vidimus,
2188 467 2243 508 ita
2271 473 2334 508 est
2362 468 2515 509 consti-

184 548 335 594 tutum,
375 546 420 583 ut
448 540 600 583 animae
629 540 854 594 mentisque
883 546 1027 584 natura
1064 544 1253 582 contexta
1289 538 1412 583 totius
1439 539 1647 593 corporis,
1682 552 1706 581 a
1736 552 1816 594 quo
1845 541 1930 594 ipsa
1956 530 2162 592 teneatur,
2202 546 2339 583 custos
2375 542 2428 584 sit
2467 553 2514 582 ac

185 615 355 658 domina.
413 613 459 656 ln
488 627 566 668 qua
594 614 790 657 sententia
818 613 1032 657 Lucretius
1060 612 1137 654 iam
1166 611 1336 655 collocat
1363 619 1644 669 argumentum
1672 613 1952 669 gravissimum
1981 614 2031 656 ad
2059 614 2299 657 celebratam
2328 614 2433 657 illam
2462 615 2512 658 de

184 690 409 732 animorum
436 688 678 744 migratione
703 688 941 731 sententiam
968 686 1241 730 refellendam.
1280 687 1395 736 Quod
1424 688 1528 741 enim
1550 688 1789 742 Pythagorei
1815 689 1996 741 inprimis
2024 695 2066 731 et
2085 688 2274 731 Platonici
2303 690 2516 731 commenti

185 769 292 814 sunt,
321 762 493 804 animum
522 761 726 817 integrum
755 761 1011 803 extrinsecus
1038 760 1189 802 intrare
1217 761 1257 800 in
1287 771 1434 814 corpus
1462 772 1609 808 recens
1638 767 1677 802 et
1707 761 1940 815 perfectum,
1968 762 2009 805 id
2037 761 2200 815 refutat,
2226 761 2332 815 quod
2362 762 2515 805 animus

185 849 235 878 eo
265 836 384 877 modo
412 848 487 877 nec
514 836 698 877 omnibus
728 836 913 888 corporis
941 835 1120 887 partibus
1149 833 1327 886 perfecte
1345 835 1471 875 intexi
1500 847 1576 876 nec
1594 846 1686 888 pars
1706 833 1863 889 integra
1882 847 1974 878 esse
2000 837 2127 889 possit
2145 843 2186 878 et
2205 833 2426 884 donuinam
2449 835 2512 891 2):

705 908 763 948 sic
792 907 921 947 anima
949 912 1069 960 atque
1096 907 1249 947 animus
1279 907 1459 958 quamvis
1487 907 1646 960 integra
1675 919 1818 947 recens
1845 907 1886 947 in

703 993 852 1034 corpus
882 987 1001 1032 eunt,
1032 986 1163 1022 tamen
1193 981 1234 1021 in
1262 979 1457 1020 manando
1486 979 1774 1032 dissolvuntur,

702 1055 797 1097 dum
827 1055 940 1108 quasi
968 1066 1041 1107 per
1070 1053 1204 1096 caulas
1232 1052 1361 1095 omnis
1390 1052 1578 1094 diduntur
1607 1053 1647 1094 in
1678 1060 1789 1095 artus

702 1128 922 1183 particulae
950 1128 1094 1181 quibus
1122 1127 1223 1168 haec
1251 1127 1370 1168 animi
1400 1133 1542 1168 natura
1571 1133 1747 1179 creatur,

704 1215 808 1258 quae
837 1214 942 1246 nunc
972 1202 1013 1244 in
1044 1208 1181 1245 nostro
1212 1201 1437 1245 dominatur
1467 1214 1640 1256 corpore
1669 1208 1759 1243 nata

703 1289 754 1319 ex
783 1277 849 1319 illa
878 1288 980 1330 quae
1009 1282 1090 1318 tum
1121 1277 1239 1329 periit
1268 1277 1410 1330 partita
1437 1289 1509 1329 per
1538 1282 1662 1321 artuS.

183 1351 272 1395 Alia
299 1350 455 1394 ratione
484 1350 646 1393 disserit
673 1349 870 1392 adversus
906 1363 978 1392 eos
1015 1349 1295 1403 philosophos,
1334 1351 1402 1403 qni
1440 1351 1588 1391 animas
1625 1364 1741 1392 suum
1779 1352 1854 1392 sibi
1893 1365 2090 1403 quamque
2132 1364 2278 1404 corpus
2315 1352 2510 1392 fabricare

182 1425 382 1468 dixerunt.
413 1425 523 1475 Quae
541 1424 678 1479 opinio
700 1430 815 1466 vetus
835 1423 906 1467 suit
921 1422 966 1478 ³)
986 1430 1027 1466 et
1046 1424 1119 1477 ipsi
1140 1425 1297 1478 quidem
1317 1425 1483 1477 Platoni,
1502 1430 1547 1466 ut
1566 1424 1741 1476 videtur,
1762 1427 1887 1481 magis
1906 1439 2022 1480 quam
2041 1426 2164 1467 altera
2183 1425 2250 1466 illa
2271 1427 2320 1466 de
2340 1439 2511 1480 corpore

181 1498 361 1553 perfecto
390 1499 555 1552 probata
572 1497 635 1553 ιι).
694 1498 930 1553 Lucretius,
973 1499 1065 1551 quia
1096 1511 1175 1539 non
1206 1498 1413 1553 intelligit,
1451 1511 1525 1539 cur
1562 1498 1638 1540 sibi
1668 1500 1800 1540 anima
1838 1512 1985 1552 corpus
2021 1499 2189 1540 fabricet
2218 1506 2257 1540 et
2294 1501 2510 1552 quomodo,

180 1573 286 1616 illam
315 1572 541 1627 opinionem
570 1571 712 1614 irridet
726 1570 794 1627 ⁵),
822 1572 978 1616 imitans
1009 1571 1049 1613 in
1077 1571 1151 1613 hac
1181 1584 1227 1612 re
1255 1570 1485 1625 Epicurum,
1513 1572 1580 1624 qui
1609 1572 1767 1625 quidem
1797 1585 1878 1614 non
1906 1573 2005 1613 vidit
2034 1584 2055 1612 a
2074 1573 2158 1613 Deo
2189 1574 2367 1614 construi
2396 1579 2513 1625 atque

182 1647 382 1690 aedificari
411 1645 600 1689 mundum
630 1646 809 1699 potuisse
825 1644 884 1701 ⁶).
941 1646 1184 1699 Quamquam
1212 1644 1374 1699 Epicuri
1403 1645 1635 1699 discipulus,
1664 1647 1699 1688 si
1729 1658 1818 1687 cum
1848 1647 1934 1688 aliis
1964 1646 2185 1698 confertur,
2215 1658 2286 1687 sua
2316 1648 2513 1689 sententia

182 1721 269 1774 ipse
288 1720 337 1762 ad
356 1720 457 1762 hanc
477 1720 641 1762 alteram
662 1720 888 1773 opinionem
908 1720 1037 1761 videri
1056 1726 1188 1773 potest
1207 1719 1433 1760 inclinasse.
1491 1719 1604 1770 Nam,
1634 1721 1739 1773 quod
1759 1721 1877 1761 modo
1899 1721 2065 1772 ostendi,
2097 1722 2267 1762 animum
2296 1721 2336 1761 in
2366 1733 2512 1772 corpus

182 1795 415 1849 immigrare
455 1800 578 1848 negat
608 1799 843 1846 propterea,
881 1794 987 1846 quod
1027 1805 1106 1834 non
1140 1793 1268 1843 videt,
1317 1793 1384 1845 qui
1422 1793 1494 1834 toti
1524 1794 1686 1845 corpori
1716 1794 1839 1835 intexi
1867 1799 1908 1835 et
1953 1806 2044 1846 pars
2082 1794 2239 1848 integra
2277 1800 2316 1835 et
2356 1794 2512 1835 domina

183 1881 345 1909 manere
373 1869 513 1921 possit.
553 1867 690 1920 ltaque
719 1868 892 1907 animum
920 1868 1031 1908 nasci
1050 1868 1134 1907 vult
1164 1879 1241 1907 una
1272 1879 1362 1906 cum
1392 1879 1577 1918 corpore,
1606 1867 1680 1907 sed
1710 1881 1758 1908 eo
1790 1868 1906 1908 modo
1937 1869 2061 1919 nasci,
2093 1874 2136 1908 ut
2165 1869 2205 1907 in
2235 1880 2420 1920 corpore,
2449 1869 2514 1908 cui

182 1944 342 1996 penitus
371 1942 423 1984 sit
453 1952 673 1993 connexus,
701 1947 831 1982 tamen
861 1947 1045 1994 tanquam
1076 1941 1261 1994 princeps
1291 1940 1432 1982 evadat
1462 1947 1502 1982 et
1531 1941 1727 1982 dominus.
1787 1942 1851 1983 Ad
1881 1955 1996 1995 quom
2027 1943 2262 1983 sententiam
2291 1943 2366 1982 iam
2396 1942 2514 1982 adhi-

181 2016 270 2064 beri
297 2014 432 2057 licebit
461 2027 562 2067 quae
592 2026 713 2066 supra
741 2018 910 2068 exposui
938 2016 988 2056 de
1010 2015 1050 2055 vi
1079 2014 1253 2056 foederis
1283 2014 1454 2065 partium
1483 2020 1523 2055 et
1553 2016 1877 2066 convenientiae,
1906 2029 1983 2069 qua
2011 2028 2101 2056 cum
2123 2021 2347 2055 ceterarum
2377 2027 2511 2056 rerum

182 2093 323 2132 natura
349 2092 434 2130 tum
464 2087 582 2129 animi
613 2087 653 2129 in
684 2100 858 2145 corpore
886 2095 927 2131 et
956 2095 1133 2142 potestas
1162 2094 1202 2129 et
1231 2086 1475 2140 principatus
1507 2088 1749 2129 continetur.

356 2162 437 2205 Sed
455 2161 609 2205 accedit
628 2161 702 2204 alia
722 2162 824 2204 ratio
843 2174 970 2215 eaque
991 2172 1071 2202 non
1103 2161 1231 2203 minus
1251 2162 1402 2216 gravis,
1432 2174 1524 2202 cum
1547 2162 1672 2215 posita
1692 2163 1743 2204 sit
1762 2164 1802 2204 in
1821 2163 1886 2204 illa
1914 2164 2126 2205 universae
2145 2169 2310 2205 naturae
2331 2170 2514 2205 contem-

184 2238 372 2293 platione,
392 2249 508 2291 quam
530 2248 649 2290 supra
671 2235 954 2279 conserendam
975 2246 1066 2276 esse
1083 2234 1165 2275 dixi
1187 2246 1276 2276 cum
1288 2235 1555 2278 Aristotelica.
1584 2236 1738 2277 Etenim
1755 2236 1965 2279 Lucretius
1983 2237 2257 2279 animadvertit
2276 2237 2315 2279 in
2336 2249 2508 2289 corpore

184 2317 324 2354 nostro
353 2316 526 2352 mentem
556 2322 683 2364 aeque
713 2322 760 2352 ac
790 2309 970 2365 singulos
999 2319 1144 2350 sensus
1175 2319 1249 2349 suo
1278 2320 1436 2362 semper
1465 2320 1512 2350 ac
1542 2315 1654 2351 certo
1685 2309 1775 2352 loco
1793 2310 2009 2360 contineri3
2040 2310 2158 2364 idque
2188 2316 2389 2363 comparat
2418 2322 2507 2350 cum

190 2388 405 2430 universae
435 2391 605 2428 naturae
633 2396 684 2428 eo
713 2385 872 2437 ordine,
902 2396 980 2438 quo
1012 2388 1168 2426 constet
1198 2383 1264 2426 ubi
1295 2384 1484 2439 gignatur
1513 2383 1701 2437 quidquid
1731 2390 1848 2438 atque
1879 2391 2033 2427 crescat
2048 2383 2104 2441 ⁷).
2137 2384 2297 2427 111620
2315 2397 2399 2439 sq.:

700 2470 829 2512 usque
858 2459 957 2500 adeo
988 2458 1169 2511 sequitur
1199 2471 1266 2500 res
1297 2471 1405 2510 rem,
1437 2471 1568 2510 neque
1597 2458 1750 2499 flamma
1779 2460 1909 2500 creari

703 2532 930 2574 fluminibus
958 2532 1112 2573 solitast
1143 2544 1273 2584 neque
1302 2532 1341 2572 in
1372 2532 1455 2585 igni
1485 2532 1646 2585 gignier
1676 2533 1804 2586 algor.

185 2610 318 2659 Quare
355 2607 526 2650 hominis
555 2611 727 2648 mentem
758 2611 798 2648 et
836 2605 1004 2647 animam
1034 2611 1155 2658 negat
1193 2610 1260 2646 aut
1290 2605 1329 2645 in
1358 2608 1452 2645 aere
1490 2610 1556 2646 aut
1585 2604 1625 2645 in
1654 2605 1830 2658 quolibet
1867 2608 2074 2649 animantis
2112 2619 2286 2659 corpore
2317 2606 2512 2649 exsistere

186 2693 317 2736 posse.
367 2682 498 2734 Atque
518 2678 697 2721 animalia
716 2679 878 2733 quidem
896 2677 1172 2719 animadvertit
1194 2685 1335 2720 cuncta
1363 2690 1442 2719 non
1464 2688 1637 2730 corpore
1666 2679 1794 2720 solum
1824 2680 1894 2722 sed
1924 2681 2101 2723 moribus
2122 2681 2238 2722 etiam
2258 2680 2379 2722 certis
2408 2680 2513 2721 inter

185 2767 231 2798 se
258 2754 422 2797 differre
450 2760 491 2797 et
520 2754 583 2797 sui
611 2753 797 2808 quodque
827 2753 987 2808 generis
1018 2762 1184 2793 servare
1214 2750 1532 2800 similitudinem3
1570 2751 1785 2805 eademque
1815 2754 1943 2796 cernit
1982 2767 2059 2796 non
2098 2759 2265 2806 repente
2294 2753 2365 2796 sed
2396 2753 2513 2805 paul-

184 2829 293 2873 latim
330 2836 371 2872 et
404 2841 479 2872 suo
518 2827 704 2882 quodque
742 2833 923 2880 tempore
958 2832 1124 2867 naturae
1161 2838 1257 2866 suae
1302 2837 1347 2866 ac
1386 2825 1530 2866 virium
1574 2825 1731 2870 florem,
1762 2828 1985 2883 attingere,
2031 2829 2160 2869 omnia
2209 2835 2320 2868 certo
2360 2828 2513 2867 semine

184 2905 341 2955 enasci,
372 2916 584 2954 crescere,
614 2902 786 2954 florere,
817 2902 1056 2943 decrescere
1086 2901 1214 2941 anima
1240 2901 1388 2952 pariter
1419 2912 1465 2939 ac
1495 2906 1578 2941 toto
1608 2914 1780 2954 corpore
1802 2903 1860 2958 ⁸).
1921 2903 2107 2956 Idemque
2137 2916 2159 2942 a
2189 2909 2328 2943 natura
2358 2902 2513 2941 consti-

339 3085 368 3130 ¹)
394 3088 453 3121 111
478 3098 509 3120 ν.
539 3083 729 3120 546-90.
759 3083 949 3118 632-68.
979 3101 1026 3107 —
1056 3079 1085 3124 ²)
1113 3094 1144 3115 v.
1174 3082 1387 3116 677—711.
1417 3097 1464 3104 —
1495 3081 1524 3124 ³)
1554 3083 1644 3114 Plat.
1673 3082 1805 3114 Phaed.
1835 3091 1868 3123 p.
1897 3080 1943 3113 87
1973 3080 2015 3112 B.
2045 3096 2092 3102 -
2114 3080 2147 3120 ⁴)
2177 3078 2231 3112 Cf.
2260 3078 2441 3111 Steinhart.
2471 3079 2512 3110 de

336 3148 491 3180 Platonis
517 3147 648 3179 Phaed.
676 3147 711 3177 in
737 3146 814 3177 adn.
846 3143 903 3177 70.
935 3159 981 3165 -
1011 3142 1041 3183 5)
1078 3143 1211 3175 Lucret.
1240 3143 1297 3174 111
1327 3141 1512 3175 725—35.
1544 3139 1730 3175 774—82.
1769 3157 1815 3163 -
1852 3134 1883 3180 ⁶)
1921 3139 1992 3172 Cic.
2021 3138 2206 3171 Nat.Deor.
2235 3138 2252 3169 1
2280 3137 2313 3178 8,
2345 3137 2399 3170 18.
2456 3137 2511 3169 Cf.

335 3208 468 3240 Lucret.
496 3207 530 3238 V
562 3204 747 3238 168—76.
777 3219 823 3227 -
854 3203 883 3241 ⁷)
911 3213 942 3234 v.
973 3199 1161 3235 546—49.
1190 3201 1379 3235 613—22.
1411 3200 1596 3233 782—98.
1628 3217 1673 3223 -—
1701 3194 1734 3239 ὃ)
1760 3210 1790 3230 v.
1823 3198 2011 3230 739-52,
