2744 3711
1231 278 1514 323 „25-

213 411 311 454 ltcm
358 412 562 467 sequitur,
602 420 646 454 ut
687 411 806 453 animi
842 416 982 453 natura
1019 411 1116 453 nibil
1158 411 1229 454 είῑἲ
1251 412 1329 454 nisi
1370 407 1556 453 accidens
1598 411 1804 478 quiddam,
1848 412 1955 467 qnod
1999 413 2110 467 perdi
2153 414 2193 455 in
2239 426 2412 469 corpore
2459 427 2537 469 po-
2586 403 2605 468 ,’

211 491 290 528 test
309 488 322 511 ¹
362 501 372 527 :
1422 482 1427 486 ’
1526 480 1532 484 x
1680 483 1682 485 ¹

324 484 351 541 )
726 570 766 604 at
795 563 954 605 dimissa
983 563 1110 604 anima
1138 573 1286 627 corpus
1314 570 1426 606 caret
1453 562 1631 618 undique
1659 576 1800 624 sensu:

679 694 683 703 ⁸
724 635 855 690 perdit
882 636 987 677 enim
1016 635 1122 690 quod
1152 648 1232 678 non
1258 635 1482 689 proprium
1510 635 1583 680 fuit
1611 638 1699 681 eius
1728 639 1769 680 in
1799 651 1911 684 aevo.

381 728 450 768 His
479 727 605 782 igitur
635 725 816 767 omnibus
845 733 1010 780 apparet
1038 726 1143 768 inter
1171 724 1445 781 Pythagoreos
1474 733 1515 769 et
1542 726 1763 781 Epicureos
1793 728 2007 770 discrimen
2037 729 2317 772 intercessisse
2345 742 2536 784 perquam

211 801 401 854 exiguum
423 801 483 856 ²).
541 798 726 853 Epicurei
754 801 926 840 animum
955 799 1198 841 harmoniam
1227 812 1319 841 esse
1349 801 1413 841 vel
1441 802 1624 854 corporis
1653 802 1827 842 habitum
1859 802 2018 843 vitalem
2047 803 2089 844 in
2117 803 2287 855 partium
2315 804 2537 856 aequabili-

215 878 294 915 tate
323 872 489 926 quadam
517 873 689 926 positum
718 879 936 927 negarunt3
966 877 1079 914 recte
1107 872 1212 913 enim
1228 871 1412 914 viderunt
1439 873 1480 914 in
1509 873 1667 915 homine
1697 873 1791 915 alias
1820 881 1955 928 partes
1985 873 2073 916 aliis
2094 875 2135 916 vi
2163 883 2205 918 et
2234 875 2418 917 facultate
2444 889 2535 918 esse

217 948 527 999 praestantiores
536 959 547 996 ;
577 946 648 987 sed
675 947 752 999 ipsi
780 959 937 987 omnem
966 953 1095 988 tamen
1125 946 1243 986 animi
1271 946 1351 987 vim
1380 952 1420 988 et
1448 943 1672 989 facultatem
1702 948 1790 989 solo
1819 949 1861 988 in
1893 947 2144 990 diversarum
2174 943 2345 1003 partium
2374 948 2535 991 foedere

213 1020 381 1072 quodam
411 1026 452 1061 et
481 1032 681 1061 consensu
710 1020 974 1069 collocarunt3
1019 1019 1112 1073 quin
1151 1025 1310 1060 omnem
1345 1018 1450 1059 illam
1479 1019 1560 1059 vim
1599 1032 1752 1060 merum
1782 1021 1966 1062 accidens
1996 1022 2181 1075 quiddam
2212 1034 2305 1064 esse
2334 1022 2535 1073 dixerunt,

213 1095 319 1146 quod
347 1101 429 1137 tota
458 1095 744 1148 compositione
773 1095 964 1136 dissoluta
993 1094 1219 1134 necessario
1249 1099 1521 1134 evanesceret.

384 1168 427 1209 ln
457 1169 652 1210 eiusmodi
671 1182 769 1209 vero
795 1169 1021 1210 definitione
1051 1180 1129 1207 una
1158 1180 1225 1208 res
1243 1166 1451 1219 Epicureis
1480 1180 1559 1207 non
1589 1169 1716 1220 potuit
1746 1181 1824 1210 non
1856 1170 2065 1210 maximam
2085 1170 2231 1211 afferre
2252 1169 2533 1211 difficultatem.

214 1242 336 1283 Tanta
365 1243 470 1282 enim
500 1244 617 1282 animi
646 1249 686 1282 et
724 1243 906 1295 corporis
944 1241 1210 1282 consensione
1247 1241 1459 1282 constituta
1498 1240 1749 1282 refutandum
1788 1248 1896 1293 erat,
1940 1244 2046 1295 quod
2085 1243 2170 1284 aliis
2210 1243 2413 1296 placebat,
2457 1256 2535 1284 non

216 1327 402 1369 corpore,
432 1316 504 1356 sed
534 1315 619 1356 sola
650 1316 776 1356 anima
796 1316 858 1356 vel
890 1320 1021 1355 mente
1051 1313 1202 1366 percipi
1231 1326 1299 1354 res
1328 1318 1368 1354 et
1395 1313 1546 1354 sentiri.
1577 1313 1730 1355 Deinde
1750 1329 1861 1367 vero,
1894 1329 1981 1357 cum
2009 1324 2050 1358 et
2078 1317 2154 1370 ipsi
2182 1323 2355 1358 mentem
2385 1323 2535 1368 partem

216 1401 307 1430 esse
326 1390 474 1430 vellent
494 1391 650 1443 penitus
671 1391 711 1430 in
732 1402 902 1443 corpore
921 1388 1108 1429 latentem
1128 1394 1168 1429 et
1187 1388 1337 1441 primos
1357 1386 1604 1439 „sensiferos
1633 1390 1791 1430 motus“
1813 1390 1997 1444 cientem,
2027 1391 2124 1432 illud
2154 1390 2417 1432 reiiciendum
2437 1396 2536 1443 erat,

217 1464 323 1504 omni
353 1464 534 1516 corporis
563 1470 675 1516 parte
704 1464 866 1505 senSum
895 1463 1009 1504 effici.
1071 1462 1290 1516 Utrumque
1329 1467 1448 1516 negat
1476 1461 1686 1502 Lucretius
1717 1475 1753 1501 v.
1787 1461 2028 1505 359—417.
2087 1464 2137 1505 Et
2176 1464 2347 1517 primum
2376 1463 2536 1517 quidem

214 1549 375 1578 sensum
403 1538 444 1577 in
474 1538 561 1588 ipso
590 1538 708 1578 etiam
739 1549 910 1589 corpore
939 1538 1071 1577 inesse
1098 1536 1317 1577 confirmat.
1347 1548 1388 1575 v.
1409 1533 1622 1575 359-70.
1653 1534 1804 1576 Deinde
1832 1549 1932 1577 vero
1962 1537 2149 1588 ostendit,
2179 1538 2256 1579 nisi
2285 1538 2437 1578 animae
2466 1549 2537 1578 se-

216 1610 317 1651 mina
347 1615 438 1652 ante
468 1622 663 1652 concussa
693 1611 785 1661 sint,
815 1611 855 1651 in
886 1622 1058 1662 corpore
1088 1621 1249 1651 sensum
1278 1607 1474 1650 exsistere
1505 1619 1585 1648 non
1615 1620 1747 1661 posse.
1807 1621 1844 1648 v.
1877 1608 2100 1654 370-96:

728 1707 855 1747 usque
884 1694 983 1733 adeo
1015 1693 1125 1746 prius
1155 1698 1217 1734 est
1244 1692 1284 1733 in
1315 1691 1428 1733 nobis
1460 1691 1580 1733 multa
1610 1692 1794 1733 ciendum

731 1769 879 1810 semina
909 1767 1146 1820 corporibus
1176 1767 1327 1808 nostris
1356 1766 1519 1807 inmixta
1547 1778 1618 1820 per
1649 1771 1773 1818 artus,

730 1855 844 1895 quam
877 1841 1088 1893 primordia
1120 1840 1335 1882 sentiscant
1364 1851 1558 1881 concussa
1588 1840 1741 1881 animai.

218 1926 369 1974 Quibus
400 1927 583 1966 xersibus
614 1926 693 1966 vim
724 1925 906 1966 mobilem
937 1925 1039 1965 illam
1070 1932 1109 1966 et
1139 1926 1295 1978 penitus
1325 1925 1364 1965 in
1394 1924 1509 1966 nobis
1546 1924 1732 1966 latentem
1762 1921 1889 1978 atque
1911 1924 2177 1967 dominantem
2205 1924 2421 1978 significari
2448 1937 2536 1965 ma-

215 1999 402 2040 nifestum
431 2005 505 2040 est.
537 2001 661 2049 Quam
693 2001 769 2040 vim
789 2000 999 2040 Lucretius
1029 1999 1105 2039 iam
1135 2000 1253 2041 tertio
1283 2004 1534 2054 argumento,
1565 2010 1644 2051 quo
1675 1997 1979 2051 disputationem
2009 1997 2107 2049 finit,
2137 1998 2313 2050 apertius
2343 1997 2540 2046 declarat3

215 2072 412 2125 simulque
442 2073 561 2114 trium
605 2073 761 2129 illarum
791 2073 958 2126 partium
988 2074 1171 2126 corporis
1201 2073 1353 2113 animae
1391 2072 1534 2112 mentis
1556 2063 1703 2124 'qualis
1734 2071 1786 2111 sit
1826 2070 1999 2110 foederis
2029 2071 2130 2110 ratio
2161 2071 2309 2125 insigni
2337 2070 2405 2111 illo
2434 2071 2545 2124 oculi

223 2145 404 2198 exemplo
435 2143 621 2188 illustrat.
682 2160 719 2186 v.
751 2146 979 2187 396—417
1004 2146 1058 2199 3).

312 2222 317 2225 ’
396 2219 526 2261 Primo
546 2225 677 2261 autem
696 2220 785 2261 loco
807 2221 952 2261 refutat
973 2219 1207 2261 sententiam
1226 2217 1688 2272 StratonisLampsaceni
1707 2217 1793 2258 sive
1812 2216 2088 2266 Aenesidemi3
2109 2215 2235 2257 altero
2255 2214 2540 2272 Democritiij.

218 2292 326 2334 Sext.
357 2292 469 2345 Emp.
500 2293 590 2334 adV.
620 2293 740 2335 Math.
770 2293 842 2334 Vll
872 2292 978 2334 349:
1040 2289 1078 2332 οἱ
1112 2290 1156 2331 δὲ
1187 2286 1307 2342 (εἶναι
1337 2288 1476 2344 ἔλεγον
1506 2291 1580 2344 τῆν
1611 2289 1808 2339 διάνοιαν)
1850 2288 1892 2328 ἐν
1931 2286 2012 2344 ὅλῳ
2043 2289 2099 2343 τῷ
2129 2287 2314 2341 σώματι,
2349 2287 2539 2341 καθάπερ

218 2364 324 2413 τινὲς
364 2366 470 2406 κατὰ
502 2366 784 2421 Δημόκριτον,
825 2364 864 2407 οἱ
903 2365 946 2406 δὲ
987 2365 1030 2406 ἐν
1058 2364 1173 2418 μέρει
1205 2364 1276 2405 τοῦ
1318 2363 1531 2415 σώματος,
1574 2357 1632 2404 ὧν
1671 2362 1796 2403 πάλιν
1833 2361 2100 2413 πολυσχιὸεἴς
2139 2359 2244 2402 εἰσὶν
2286 2359 2331 2403 αἱ
2368 2363 2540 2416 γνῶμαι.

218 2437 310 2478 Καὶ
353 2437 392 2478 οἱ
430 2439 507 2488 μὲν
553 2438 770 2494 διαφέρειν
809 2437 939 2493 αὖτὴν
978 2439 1061 2479 τῶν
1099 2436 1362 2491 αἰσθήσεων,
1413 2434 1469 2485 ὥς
1513 2435 1552 2477 οἱ
1599 2436 1788 2484 πλείους,
1842 2433 1880 2476 οἱ
1930 2434 1973 2475 δὲ
2018 2432 2147 2488 αὖτῆν
2186 2429 2293 2476 εἶναι
2331 2437 2406 2485 τὰς
2443 2436 2541 2476 αῖσ-

216 2510 375 2564 θῆσεις,
422 2511 610 2567 καθάπερ
652 2511 720 2552 διά
756 2528 878 2553 τινων
919 2510 1034 2553 ὀπῶν
1073 2512 1154 2552 τῶν
1194 2509 1483 2566 αἰσθητηρίων
1520 2508 1852 2565 προκύπτουσαν,
1893 2502 1941 2562 ἧς
1982 2507 2166 2557 στάσεως
2207 2501 2301 2563 ἦρξε
2339 2509 2542 2563 Στράτων

217 2600 256 2624 τε
298 2583 318 2625 ὃ
362 2586 540 2638 φυσικὸς
590 2585 664 2629 καί
706 2586 1003 2641 Αἰνησίδημος.
1077 2587 1272 2628 Stratonis
1321 2591 1361 2626 et
1406 2585 1662 2627 Aenesidemi
1709 2583 1945 2626 sententiam
1991 2582 2201 2624 Lucretius
2247 2583 2308 2624 his
2357 2583 2542 2624 versibus

216 2659 376 2701 irridet:

371 2865 399 2907 ¹)
422 2866 556 2898 Lucret.
575 2866 632 2899 ΙΙΙ
655 2864 728 2899 356
750 2876 799 2908 sq.
828 2865 923 2906 Quae
949 2867 1113 2900 sententia
1134 2868 1177 2900 ad
1200 2867 1406 2900 subtiliorem
1424 2865 1465 2898 de
1480 2874 1588 2897 rerum
1603 2863 1829 2896 accidentibus
1844 2862 2075 2905 quaestionem
2098 2865 2240 2906 spectat,
2261 2871 2362 2904 quam
2376 2861 2544 2905 Epicurus

371 2924 414 2957 ad
431 2924 688 2968 disputationem
703 2925 743 2958 de
758 2925 876 2958 atomis
892 2929 924 2958 et
939 2925 980 2959 de
993 2932 1115 2960 natura
1126 2926 1227 2960 animi
1242 2925 1434 2970 applicavit.
1461 2924 1563 2966 Diog.
1578 2923 1618 2955 L.
1636 2922 1670 2954 X
1685 2918 1745 2955 40.
1760 2919 1820 2954 64.
1837 2920 1898 2954 67.
1916 2920 1976 2954 68.
2003 2921 2182 2953 Lucretius
2196 2922 2397 2963 magistrum
2411 2927 2543 2952 secutus

369 2985 510 3015 eandem
537 2993 607 3015 rem
633 2985 766 3015 brevius
792 2986 945 3015 tractavit
971 2986 1006 3016 in
1031 2982 1118 3016 libro
1139 2987 1158 3016 I
1173 2982 1367 3025 449—83,
1393 2985 1528 3016 uberius
1554 2983 1588 3011 in
1602 2982 1625 3011 l.
1641 2981 1678 3011 11
1695 2980 1933 3012 730—1023.
1950 2997 1996 3002 ——
2015 2979 2048 3020 2)
2074 2980 2195 3021 Neque
2220 2986 2325 3021 negat
2350 2981 2435 3011 illud
2456 2980 2543 3011 Gu-

375 3044 498 3073 sendus
525 3043 616 3084 Opp.
644 3049 723 3074 tom.
750 3044 789 3074 11
816 3043 906 3075 626:
961 3045 1117 3082 „Etenim
1144 3044 1342 3085 (Epicurus)
1367 3045 1446 3085 licet
1470 3045 1614 3084 quodam
1652 3053 1754 3074 sensu
1785 3043 1944 3074 accedere
1973 3044 2017 3074 ad
2053 3052 2132 3082 eos,
2168 3043 2226 3083 qui
2252 3044 2401 3074 animm
2428 3043 2544 3074 dicunt

368 3102 594 3143 harmoniam,
630 3103 797 3143 videatur3
830 3103 960 3135 videtur
997 3108 1109 3136 tamen
1141 3104 1289 3136 animam
1325 3102 1485 3136 habuisse
1519 3100 1631 3144 potius
1666 3100 1761 3143 quasi
1797 3097 2053 3134 substantiam.“
2088 3117 2137 3125 —
2174 3096 2207 3143 3)
2244 3099 2484 3134 Lachmannns
2511 3106 2545 3133 et

366 3160 583 3204 Bernaysius,
610 3172 687 3195 cum
705 3172 772 3194 non
797 3161 1008 3203 invenissent,
1034 3172 1101 3205 quo
1118 3162 1252 3196 vinculo
1268 3162 1330 3196 illa
1346 3168 1541 3204 argumenta
1567 3163 1653 3196 inter
1670 3171 1705 3195 se
1723 3162 1952 3204 cohaererent,
1978 3171 2097 3195 versus
2115 3161 2293 3198 350-96
2313 3162 2356 3195 ab
2374 3163 2441 3196 hoc
2467 3162 2543 3195 loco

370 3220 498 3253 alienos
526 3221 724 3253 iudicarunt.
760 3238 807 3244 —
841 3218 873 3262 ⁴)
908 3221 1111 3254 Aristoteles
1138 3222 1179 3254 de
1214 3223 1315 3255 anim.
1343 3223 1362 3254 1
1390 3220 1421 3263 5,
1453 3223 1470 3254 1
1498 3224 1539 3255 de
1565 3223 1760 3255 Democrito
1795 3223 1896 3254 dicit:
1950 3222 2057 3267 εἴπερ
2094 3220 2166 3267 γάρ
2202 3221 2300 3255 ἐστιν
2334 3221 2354 3263 ἡ
2383 3223 2477 3265 ψυχὴ
2505 3222 2544 3253 ἐν

368 3281 474 3309 παντὶ
503 3281 549 3321 τῷ
578 3281 836 3322 αἰσθανομένῳ
864 3279 1015 3323 σώματι.
1071 3280 1126 3312 Cf.
1154 3281 1322 3312 Mullach.
1350 3281 1533 3312 Democriti
1561 3281 1682 3322 fragm.
1710 3292 1744 3322 p.
1772 3280 1859 3313 397.
