2744 3711
1237 269 1522 312 ...33-

216 401 389 444 similent
415 398 651 443 sententiam
678 404 769 454 post
781 399 1046 443 Xenocratem
1075 400 1247 454 amplexi
1274 407 1368 443 sunt
1395 413 1419 442 e
1436 401 1583 443 Stoicis
1608 401 1835 455 quicunque
1862 411 1954 442 eum
1971 399 2131 443 Zenone
2158 410 2415 444 remansuros
2442 413 2534 443 esse

213 474 456 530 aliquamdiu
485 480 577 529 poet
594 506 596 508 -
612 479 781 517 merten
819 473 972 516 animos
1011 473 1256 517 affirmarunt
1285 472 1343 530 ¹).
1401 474 1600 517 Plutarch.
1628 474 1723 529 phil.
1750 475 1850 528 plac.
1881 474 1899 516 1
1927 473 1977 516 8:
2024 473 2213 529 ΥΘιιιλῆς,
2252 473 2530 530 Πυθαγόρας,

214 547 416 603 Πλάτων,
446 547 495 605 οῖ’
515 546 700 591 Στωϊκοὶ
729 547 931 601 δαίμονας
958 545 1156 605 ὑπάρχειν
1185 546 1333 597 οὐσίας
1361 546 1562 601 ψυχικάς·
1620 543 1727 590 εἶναι
1758 548 1802 589 δὲ
1842 546 1918 590 καί
1945 544 2092 604 ἥρωας
2118 549 2194 597 τὰς
2221 547 2531 604 κεχωρισμένας

212 623 297 665 τῶν
317 622 550 676 σωμάτων·
578 621 654 665 καί
676 619 860 676 ἇγαθυύς
883 622 962 675 μὲν
980 622 1056 673 τᾶς
1074 623 1249 677 ἀγαθὰς,
1274 622 1428 671 κακοὺς
1453 621 1592 670 δὲτὰς
1617 619 1796 676 φαύλας.
1831 619 1908 663 Ἐπ
1922 621 2144 677 ι’κουρος
2162 620 2209 663 δὲ
2231 619 2348 663 οὐδὲν
2367 623 2530 664 τούτων

214 695 402 753 ἑγκρύιει.
432 697 621 751 Epicurei
638 697 745 740 Deos
765 703 814 744 ,et
832 697 1059 750 daemones,
1088 711 1190 752 quos
1213 695 1360 752 vulgus
1387 696 1556 749 colebat,
1581 709 1720 739 omnes
1741 695 2002 750 exploserunt
2026 697 2244 739 rationibus
2273 699 2335 739 usi
2361 697 2448 739 aliis
2477 710 2531 739 ex

212 772 375 814 notione
402 777 568 814 naturae
587 770 744 814 divinae
755 769 815 826 ²),
844 771 931 814 aliis
950 784 1002 813 ex
1023 772 1107 825 ipsa
1134 771 1297 826 physica
1317 771 1529 813 conclusis.
1560 769 1605 811 In
1623 770 1787 825 physica
1810 782 1901 812 cnm
1924 772 2053 813 omnis
2077 783 2215 812 rerum
2237 771 2456 824 exploratio
2480 783 2530 813 eo

212 845 501 897 contineretur,
524 850 568 887 ut
581 844 833 887 turbulentae
852 845 902 886 de
921 844 1007 887 deis
1023 851 1066 886 et
1083 844 1240 898 superis
1259 850 1302 886 et
1317 843 1454 886 inferis
1473 844 1681 898 opiniones
1700 844 1905 886 hominum
1921 845 2118 887 mentibus
2134 850 2431 894 excuterentur,
2446 851 2529 886 tum

214 918 384 961 maxime
402 917 470 961 ille
489 917 540 960 de
556 917 776 961 simulacris
791 918 904 961 locus
918 931 968 961 eo
983 918 1200 973 spectabat,
1214 923 1259 960 ut
1278 917 1558 960 formidulosae
1572 918 1809 960 daemonum
1833 923 2160 971 mortuorumque
2173 919 2327 971 species
2340 918 2388 959 ad
2404 919 2531 960 simu-

213 991 325 1034 lacra
353 991 549 1046 quaedam
576 990 826 1035 referrentur
853 992 984 1034 inania
1014 1004 1087 1046 per
1114 1004 1230 1034 auras
1258 992 1475 1034 volitantia.
1519 986 1861 1046 Cui'argumento
1890 993 2097 1035 tractando
2127 1000 2289 1046 praeter
2303 992 2529 1034 Lucretium

212 1065 385 1120 aequalis
414 1065 636 1119 Epicureus
665 1066 798 1108 Catius
828 1065 994 1108 Insuber
1022 1066 1266 1121 singularem
1294 1066 1487 1119 quandam
1515 1065 1760 1120 diligentiam
1789 1067 1978 1120 impendit
1992 1065 2048 1122 3).
2088 1067 2299 1108 Lucretius
2325 1079 2414 1107 cum
2444 1066 2529 1107 aliis

211 1139 315 1180 locis
345 1145 428 1181 tum
458 1151 533 1192 eo,
562 1150 641 1193 quo
672 1139 720 1180 ad
750 1139 961 1190 simulacra
990 1139 1220 1193 explicanda
1248 1139 1505 1195 aggreditur,
1535 1139 1742 1182 consilium
1773 1154 1889 1182 suum
1917 1142 2003 1194 ipse
2031 1140 2206 1183 declarat
2222 1138 2295 1195 ⁴3:

955 1226 1006 1255 ne
1035 1212 1141 1256 forte
1170 1214 1320 1255 animas
1347 1213 1580 1256 Acherunte
1606 1226 1767 1255 reamur

726 1286 907 1343 effugere
935 1293 1002 1330 aut
1030 1287 1192 1329 umbras
1221 1288 1326 1330 inter
1353 1287 1466 1330 vivos
1495 1287 1686 1340 volitare,
1779 1338 1784 1342 .

694 1409 696 1413 .
729 1373 831 1403 neve
861 1360 1005 1416 aliquid
1035 1363 1162 1405 nostri
1191 1366 1283 1416 post
1311 1367 1478 1404 mortem
1506 1373 1627 1416 posse
1655 1362 1848 1415 relinqui,

724 1446 815 1477 cum
844 1447 990 1490 corpus
1019 1436 1136 1479 simul
1164 1442 1282 1491 atque
1311 1436 1428 1479 animi
1454 1440 1595 1479 natura
1625 1440 1827 1489 perempta

724 1509 764 1550 in
795 1521 866 1551 sua
895 1509 1114 1552 discessum
1144 1509 1327 1552 dederint
1354 1509 1569 1563 primordia
1594 1509 1749 1564 cuique.

211 1581 260 1623 Ut
287 1581 385 1623 Ditis
416 1582 665 1634 maniumque
693 1581 942 1623 formidinem
971 1584 1172 1625 hominum
1202 1583 1340 1624 animis
1366 1582 1538 1636 expellat
1566 1584 1728 1626 uberius
1758 1583 1918 1625 disserit
1947 1582 1996 1623 de
2022 1581 2194 1622 Avernis
2226 1580 2392 1634 aliisque
2421 1580 2526 1621 locis

211 1655 337 1696 sacris
366 1666 412 1695 ac
440 1655 643 1709 religiosis
663 1653 729 1709 ⁵J:

725 1729 840 1768 ianua
869 1740 920 1769 ne
951 1727 1084 1769 Puteis
1115 1726 1209 1768 Orci
1238 1726 1470 1781 regionibus
1497 1739 1589 1770 esse

725 1803 934 1853 credatur,
964 1806 1054 1853 post
1082 1801 1174 1842 hinc
1203 1800 1350 1841 animas
1374 1800 1614 1841 Acheruntis
1643 1801 1681 1841 in
1713 1811 1804 1841 oras

727 1875 876 1916 ducere
905 1874 1009 1916 forte
1039 1873 1137 1915 deos
1168 1874 1294 1915 manis
1324 1874 1479 1915 inferne
1508 1888 1678 1916 reamur.

210 1948 360 1991 Eodem
400 1950 611 2002 praecipue
650 1949 816 1990 consilio
855 1949 1002 1990 cultum
1041 1948 1216 2003 exagitat
1251 1948 1387 1989 Matris
1424 1948 1565 1989 Idaeae
1602 1955 1643 1989 et
1671 1948 1861 1990 Curetum
1905 1945 2093 1987 comitum
2111 1942 2169 1998 θ).
2223 1943 2348 1992 Quem
2377 1941 2524 1983 cultum

212 2023 524 2077 antiquissimum
562 2030 603 2065 et
641 2036 829 2065 arcanum
867 2023 933 2064 diu
973 2029 1064 2064 ante
1092 2023 1321 2064 Lucretium
1360 2035 1412 2063 ex
1441 2023 1613 2077 Phrygia
1655 2026 1894 2074 receperant
1922 2019 2089 2060 Romani
2108 2017 2152 2071 ⁷)
2180 2029 2260 2057 non
2303 2016 2432 2056 minus
2472 2015 2528 2056 illi

211 2110 327 2151 quam
358 2097 500 2139 Graeci
537 2097 775 2154 calamitosis
813 2098 1058 2150 temporibus
1096 2096 1362 2149 superstitiosi
1391 2102 1431 2137 et
1468 2097 1518 2137 ad
1558 2108 1681 2138 novas
1720 2080 1988 2146 externasque
2026 2091 2243 2145 religiones
2283 2088 2527 2130 exercendas

211 2172 337 2224 parati
352 2170 412 2226 ⁸).
472 2171 628 2213 Idaeam
667 2179 796 2214 autem
825 2172 989 2213 Matrem
1028 2170 1321 2211 confundebant
1350 2169 1515 2211 Romani
1552 2183 1641 2211 cum
1671 2170 1756 2222 Ope
1785 2169 1851 2210 vel
1880 2167 2064 2217 Tellure,
2102 2177 2202 2218 quae
2240 2164 2423 2216 princeps
2453 2162 2528 2203 dea

215 2245 365 2297 pariter
394 2256 440 2285 ac
469 2245 539 2287 Dis
569 2245 692 2288 frater
722 2252 763 2288 et
792 2245 937 2286 coniux
966 2256 1101 2286 rerum
1131 2242 1305 2284 omnium
1335 2241 1540 2284 dicebatur
1570 2249 1610 2286 et
1648 2254 1791 2296 parens
1820 2253 1913 2302 esse
1942 2246 1983 2281 et
2013 2237 2242 2291 sepulcrum
2258 2235 2318 2290 ⁹).
2375 2235 2527 2284 Quibus

214 2317 349 2357 verbis
379 2317 466 2369 ipse
495 2323 611 2370 poeta
639 2318 719 2359 vim
747 2324 947 2359 terrenam
977 2315 1183 2370 significat.
1239 2315 1273 2354 V
1303 2315 1408 2358 259:

729 2390 980 2445 omniparens
1009 2389 1146 2431 eadem
1176 2400 1312 2430 rerum
1342 2387 1551 2430 commune
1579 2382 1821 2439 sepulcrum.

212 2462 262 2505 Et
290 2463 330 2503 in
359 2463 432 2505 hac
462 2464 620 2518 quidem
649 2477 694 2505 re
714 2464 924 2506 Lucretius
954 2462 1002 2504 ad
1022 2462 1177 2504 Stoicos
1207 2457 1379 2516 propius<
1399 2460 1591 2512 accessit,
1621 2457 1727 2512 quod
1747 2454 2079 2498 reconditioribus
2112 2453 2318 2496 sententiis
2347 2456 2530 2497 excussis

215 2537 392 2591 antiquas
422 2538 573 2581 fabulas
596 2539 802 2592 Epicureis
832 2537 984 2592 placitis
1014 2543 1055 2578 et
1083 2536 1256 2591 physicis
1285 2542 1326 2579 et
1356 2535 1570 2593 moralibus
1598 2530 1881 2574 accomodavit.
1912 2528 1996 2570 Nec
2025 2527 2161 2568 licebit
2191 2538 2282 2568 eum
2312 2538 2402 2569 cum
2431 2528 2532 2582 Epi-

215 2612 347 2653 cureis
376 2624 617 2666 componere
646 2610 902 2666 aequalibus,
939 2623 1038 2664 quos
1067 2611 1209 2653 Cicero
1238 2611 1492 2663 perstrinxit,
1531 2607 1637 2660 quod
1665 2607 1706 2647 in
1735 2605 1847 2645 libris
1877 2604 1960 2644 suis
2007 2602 2107 2642 male
2135 2601 2295 2654 scriptis
2323 2608 2533 2653 poetarum

216 2684 453 2728 refellissent
481 2687 631 2729 fabulas
660 2687 956 2740 superstitiosas
986 2690 1027 2726 et
1054 2685 1221 2737 ineptias
1250 2684 1386 2726 aniles.
1424 2682 1538 2732 Quod
1558 2682 1698 2722 Cicero
1728 2691 1816 2720 cum
1844 2676 2027 2719 iactantia
2054 2675 2220 2728 quadam
2249 2675 2431 2719 elocutus
2457 2682 2534 2728 est,

216 2758 454 2801 Acherontis
485 2759 717 2802 formidines
747 2759 876 2801 videri
915 2758 989 2800 sibi
1027 2758 1104 2799 iam
1142 2757 1317 2800 sublatas
1334 2757 1417 2813 ¹⁰),
1456 2756 1495 2798 id
1523 2755 1772 2804 Lucretium,
1809 2751 1877 2804 qui
1916 2749 2120 2791 bominum
2159 2760 2293 2791 mores
2323 2754 2365 2791 et
2404 2749 2534 2792 studia

372 2968 401 3011 ¹)
440 2970 541 3012 Diog.
580 2972 621 3004 L.
657 2971 729 3004 VII
766 2971 849 3004 151.
884 2971 1022 3013 Lipsius
1056 2970 1209 3011 Physiol.
1246 2969 1390 3002 Stoicor.
1426 2967 1445 2998 I
1479 2966 1560 2997 diss.
1601 2963 1758 2996 18—21.
1791 2978 1839 2985 —
1873 2956 1904 3004 ²)
1941 2962 2045 3003 Diog.
2079 2960 2122 2994 L.
2157 2960 2193 2993 X
2224 2960 2307 2994 123.
2360 2961 2536 2994 Plutarch.

369 3032 410 3063 de
436 3030 558 3064 defeci.
586 3031 687 3065 Orac.
715 3042 745 3064 c.
774 3030 834 3065 20.
865 3046 913 3053 —-
942 3028 971 3071 3)
1000 3029 1072 3063 Cic.
1099 3031 1154 3063 ad.
1180 3030 1263 3063 fam.
1290 3028 1359 3061 XV
1389 3025 1445 3059 16.
1477 3025 1534 3058 19.
1562 3039 1609 3046 -
1636 3021 1668 3064 ⁴)
1694 3023 1827 3055 Lucret.
1856 3021 1909 3054 IV
1938 3016 2102 3055 26—42.
2139 3019 2197 3053 Cf.
2223 3021 2243 3053 Ι
2275 3020 2458 3055 132-36.
2488 3038 2536 3045 —

370 3084 401 3130 ε’)
430 3089 565 3125 Lucret.
591 3090 646 3123 VI
676 3089 748 3123 738
775 3100 846 3132 sqq.
876 3087 1100 3130 (762—65).
1130 3105 1171 3110 —
1204 3082 1237 3129 ⁰)
1264 3087 1302 3120 11
1329 3082 1515 3120 600—61.
1540 3100 1587 3106 —
1613 3081 1643 3124 ⁷)
1670 3082 1747 3115 Liv.
1776 3080 1833 3122 29,
1866 3080 1922 3114 10.
1957 3080 2014 3113 11.
2048 3076 2105 3113 14.
2135 3079 2191 3114 Cf.
2219 3080 2363 3113 Preller.
2390 3081 2536 3122 Mythol.

372 3148 493 3181 Graec.
520 3160 554 3192 p.
584 3146 657 3182 403
686 3160 735 3191 sq.
774 3165 822 3172 —
858 3142 889 3189 ¹³)
925 3149 999 3180 Liv.
1029 3148 1087 3188 25,
1120 3149 1150 3180 1.
1205 3147 1352 3179 Lobeck.
1378 3144 1553 3186 Aglaoph.
1580 3143 1599 3174 Ι
1626 3141 1711 3174 626.
1741 3157 1790 3164 -
1824 3135 1855 3182 ⁹)
1883 3141 2038 3181 Quaestt.
2066 3141 2215 3172 Lucrett.
2244 3150 2278 3182 p.
2310 3139 2369 3172 75.
2425 3139 2538 3172 Varro

370 3210 412 3241 de
438 3209 522 3250 ling.
548 3210 609 3242 lat.
634 3210 668 3241 V
697 3206 757 3242 64.
811 3209 884 3241 Cic.
910 3208 991 3240 Nat.
1016 3209 1119 3241 Deor.
1146 3208 1185 3240 11
1212 3206 1271 3241 26.
1308 3207 1362 3239 De
1389 3204 1567 3237 Curetibus
1592 3203 1658 3233 vid.
1685 3201 1834 3234 Lobeck.
1861 3201 2037 3242 Aglaoph.
2066 3200 2105 3234 11
2137 3199 2245 3232 1125.
2274 3198 2382 3232 1178.
2412 3210 2460 3236 -α
2491 3200 2538 3239 ¹0)

375 3267 447 3301 Cic.
471 3267 573 3302 Tusc.
600 3269 619 3301 1
648 3268 682 3309 6,
714 3267 771 3302 10.
805 3268 860 3301 11.
894 3267 1037 3308 16‚137.
