2744 3711
1250 201 1507 240 ...7.-

215 333 255 375 ls
265 314 532 385 Anaxagorae
551 329 741 382 placitam
763 328 968 381 amplexus
989 327 1087 369 nibil
1104 337 1231 381 paene
1255 328 1385 380 potius
1409 326 1558 376 habuit,
1576 336 1693 379 qnam
1709 332 1753 368 ut
1777 325 1973 374 humanae
1997 326 2120 368 menti
2133 326 2424 381 simplicitatem
2443 333 2484 369 et
2501 327 2543 369 in

216 416 391 461 corpore
403 402 666 459 principatum
678 400 909 443 vindicaret.
932 401 1072 451 'Onne
1084 411 1159 442 eos
1175 400 1356 453 inprimis
1374 398 1647 453 reprehendit,
1663 398 1731 453 qui
1747 405 1917 463 mentera
1930 399 2163 453 simplicem,
2175 398 2284 454 qnod
2301 399 2432 442 oculis
2446 410 2546 454 par-

216 479 296 533 cipi
313 488 394 519 non
413 480 565 530 posset,
582 474 731 516 nullam
759 484 851 515 esse
880 473 1068 526 putabant
1088 471 1145 527 ¹).
1175 474 1328 522 Quanta
1347 479 1479 515 antem
1497 484 1571 525 spe
1589 473 1894 514 immortalitatis
1912 478 1956 514 et
1974 472 2132 514 rumne
2150 473 2351 516 fflieitatia
2369 474 2545 515 inbutas

217 551 355 601 fuerit,
382 550 421 590 id
440 554 532 601 post
548 548 750 588 Platonem
779 553 822 587 et
838 545 1141 598 Xenophontem
1167 546 1303 597 paucis
1322 545 1470 597 optime
1488 546 1664 586 declarat
1681 544 1824 586 Cicero
1843 545 1997 595 dicens,
2018 557 2114 586 enm
2134 557 2213 587 non
2238 552 2321 587 tum
2348 546 2442 598 hoc,
2462 553 2544 588 tum

216 624 328 673 illud,
356 614 401 663 dt
420 622 459 662 in
480 621 703 674 plerisque,
732 619 803 660 sed
823 619 926 660 idern
946 619 1095 660 dixisse
1118 631 1298 671 semper,
1317 620 1469 660 animos
1486 618 1688 660 hominnm
1712 631 1806 660 ease
1823 618 1981 660 divinos
1998 619 2163 671 eisque,
2186 631 2308 672 quum
2327 633 2352 661 e
2372 632 2546 672 corpore

218 697 511 744 excessissent,
553 694 726 735 reditum
755 693 796 734 in
825 693 982 734 coelum
1010 700 1170 746 patere,
1211 693 1362 744 optimo
1390 699 1432 734 et
1461 692 1677 734 iustissimo
1706 691 2047 744 expeditissimum
2074 691 2134 747 2).
2192 692 2273 734 Sed
2299 706 2403 745 quae
2440 691 2544 746 apud

220 770 423 812 Platonem
453 774 636 820 tanquam
665 766 843 809 Socratis
872 765 1095 807 afferuntur
1123 772 1360 817 commenta,
1393 764 1559 819 plurima
1587 763 1653 806 illa
1681 764 1731 806 ab
1750 763 1934 818 Orphicis
1962 771 2004 807 et
2033 764 2295 820 Pythagoreis
2323 764 2545 819 desumpta,

220 840 416 895 discipulo
445 840 578 894 potius
616 850 734 892 quam
771 839 963 893 magistro
993 837 1179 881 videntur
1218 838 1423 892 placuisse.
1482 838 1581 880 Cum
1623 838 1729 880 enim
1758 837 1867 881 Plato
1907 849 1994 880 eam
2032 838 2136 880 viam
2176 839 2387 893 ingressus
2422 845 2543 888 esset,

220 921 265 958 ut
295 926 398 967 quae
427 914 466 954 in
497 912 749 965 superiorum
779 909 1108 965 philosophorum
1137 911 1189 954 de
1216 911 1342 954 anima
1378 911 1530 965 placitis
1558 923 1657 954 vera
1687 912 1920 963 invenerat,
1956 923 2006 954 ea
2035 912 2150 954 novis
2194 923 2241 953 ac
2269 912 2544 955 subtilioribus

219 987 443 1031 rationibus
472 986 605 1028 denuo
634 985 866 1039 explicaret,
896 986 935 1028 in
965 997 1012 1028 ea
1040 986 1285 1039 quaestione,
1314 997 1415 1040 quae
1443 986 1491 1027 ad
1521 986 1740 1028 animorum
1770 985 1969 1040 originem
1996 989 2039 1028 et
2076 985 2344 1028 conditionem
2373 975 2544 1029 futuram

218 1066 384 1117 spectat,
415 1060 653 1104 sententiam
672 1059 721 1102 ad
751 1059 1063 1113 probabilitatem
1083 1060 1339 1115 pronuntiare
1356 1066 1397 1103 et
1417 1059 1464 1101 ad
1495 1059 1606 1115 vulgi
1626 1064 1783 1114 captum
1813 1058 1965 1102 fabulas
1983 1064 2103 1114 atque
2120 1059 2317 1116 imagines
2335 1069 2545 1115 exponere

220 1148 299 1178 non
329 1134 553 1184 recusavit‚·
574 1134 665 1186 quia
693 1134 940 1188 argumentis
958 1139 1000 1176 et
1028 1133 1350 1177 conclusionibus
1379 1135 1419 1176 in
1450 1134 1514 1176 illa
1533 1134 1602 1176 vix
1630 1133 1842 1187 quidquam
1862 1134 1966 1176 certi
1984 1133 2090 1176 effici
2120 1145 2239 1187 posse
2260 1133 2466 1177 videbatur
2484 1133 2540 1189 ⁸).

219 1209 344 1261 ldque
376 1207 484 1249 Plato
513 1220 592 1249 una
621 1219 711 1260 cum
739 1206 905 1249 Socrate
936 1207 1104 1248 maxime
1133 1206 1268 1249 habuit
1297 1220 1546 1260 persuasum,
1586 1207 1740 1249 animos
1768 1206 1937 1261 originis
1965 1219 2058 1249 esse
2085 1205 2245 1249 divinae
2280 1206 2542 1262 singulosque

218 1282 400 1324 homines
430 1287 519 1334 post
548 1286 717 1323 mortem
747 1280 787 1321 in
817 1280 1091 1322 condicionem
1129 1280 1226 1334 ipsis
1256 1281 1558 1323 convenientem
1598 1287 1864 1334 perventuros
1903 1288 1944 1323 et
1981 1280 2097 1322 bonis
2134 1281 2261 1333 bene,
2299 1280 2411 1322 malis
2440 1280 2541 1323 male

218 1355 395 1397 futurum
426 1366 517 1395 esse
534 1353 597 1409 ⁴⁵).
657 1354 808 1395 Verum
838 1353 989 1395 fabulas
1017 1360 1058 1396 et
1087 1359 1242 1395 vetusta
1279 1354 1488 1408 religionis
1516 1355 1741 1395 testimonia
1771 1354 1819 1394 ad
1850 1354 2069 1394 doctrinam
2099 1365 2211 1395 suam
2241 1367 2291 1396 eo
2322 1355 2441 1396 modo
2471 1363 2542 1395 ac-

210 1425 508 1478 commodavit,
539 1433 583 1468 ut
612 1428 789 1467 rationes
806 1457 817 1478 ,
847 1439 949 1480 quae
977 1428 1189 1479 suberant,
1218 1429 1401 1468 veriores
1431 1429 1586 1480 penitus
1615 1428 1819 1482 indagatas
1846 1429 1943 1481 ipsis
1973 1428 2246 1469 subtilioribus
2275 1428 2544 1482 philosophiae

219 1502 465 1556 argumentis
495 1502 706 1549 intexeret.
747 1503 832 1550 Qua
860 1502 1016 1543 ratione
1045 1501 1138 1553 quid
1167 1501 1207 1541 in
1237 1501 1405 1555 singulis
1435 1503 1595 1542 mutarit
1620 1502 1795 1554 novique
1824 1502 1909 1553 ipse
1938 1501 2146 1552 addiderit,
2175 1504 2360 1556 quoniam
2389 1513 2412 1542 a
2441 1512 2542 1554 pro·

218 1576 348 1627 posito
379 1575 548 1616 alienum
578 1581 662 1627 est,
700 1576 901 1627 copiosius
940 1585 1145 1626 exponere
1182 1574 1293 1614 nolo:
1334 1574 1398 1614 hic
1433 1575 1570 1626 paucis
1609 1575 1796 1628 graviora
1837 1580 1988 1615 tautum
2028 1574 2228 1615 afferenda
2267 1581 2373 1616 sunt.
2434 1575 2544 1615 Plato

218 1660 308 1688 cum
336 1648 512 1689 Socratis
541 1656 711 1690 mentem
736 1654 905 1689 *secutus
935 1660 1071 1688 rerum
1100 1648 1304 1689 veritatem
1334 1647 1451 1688 altius
1487 1647 1739 1700 exploraret,
1778 1648 2053 1689 animadvertit
2092 1648 2197 1689 illam
2226 1660 2306 1690 non
2336 1648 2414 1699 eis,
2443 1659 2545 1700 quae

219 1723 404 1763 sensibus
434 1723 707 1775 percipiuntur
737 1728 778 1762 et
807 1723 995 1763 continuo
1027 1727 1241 1773 mutantur,
1279 1722 1348 1762 sed
1378 1722 1503 1774 solis,
1539 1723 1799 1775 quae-animo
1828 1723 2140 1775 comprehensae
2170 1728 2286 1774 sunt,
2317 1722 2544 1764 notionibus

219 1807 337 1848 posse
374 1796 568 1849 cognosci
581 1808 592 1844 3
630 1796 818 1848 quocirca
848 1795 1019 1844 animos,
1060 1801 1266 1847 antequam
1297 1796 1335 1835 in
1373 1795 1541 1836 humana
1569 1807 1740 1847 corpora
1779 1796 1996 1846 intrarent,
2035 1796 2185 1837 vixisse
2214 1801 2255 1837 et
2293 1796 2333 1837 in
2365 1796 2544 1837 veritatis

218 1869 449 1922 cognitione
479 1869 657 1922 viguisse
687 1869 883 1909 conclusit
902 1868 958 1923 ⁵).
1018 1869 1083 1909 Sic
1113 1880 1180 1921 ea,
1218 1880 1319 1921 quae
1348 1868 1587 1923 Pythagorei
1622 1870 1673 1909 de
1710 1871 1933 1927 superioris
1964 1871 2071 1911 vitae
2107 1868 2391 1910 recordatione
2428 1880 2545 1910 com-

220 1942 341 1982 menti
370 1948 483 1982 erant
511 1942 742 1994 popularius
772 1948 812 1983 et
841 1942 1170 1994 superstitiosius,
1200 1942 1248 1983 ad
1278 1941 1547 1996 sublimiorem
1578 1943 1758 1983 veritatis
1786 1943 2053 1997 cognitionem
2083 1942 2248 1984 rettulit.
2280 1941 2324 1982 ln
2355 1943 2414 1983 eis
2443 1953 2544 1983 vero

217 2014 475 2064 commentis,
505 2026 607 2066 quae
636 2014 684 2055 ad
714 2020 867 2056 sortem
898 2015 1070 2055 futuram
1099 2016 1320 2067 pertinent,
1349 2015 1426 2054 hoc
1448 2015 1634 2067 xinprimis
1664 2015 1756 2055 novi
1786 2016 1972 2067 protulit,
2001 2016 2108 2067 quod
2139 2015 2292 2056 animos
2322 2026 2376 2056 ex
2405 2016 2544 2055 inferis

217 2088 265 2129 ad
296 2101 467 2140 superos
496 2094 750 2130 revertentes
779 2089 891 2130 linxit
919 2089 1081 2139 optione
1119 2089 1285 2141 quadam
1316 2100 1507 2129 concessa
1546 2099 1617 2128 sua
1655 2092 1798 2139 sponte
1835 2088 1909 2129 sibi
1940 2099 2130 2140 corpora,
2179 2100 2282 2140 quae
2319 2087 2543 2137 induerent,

217 2173 320 2201 nova
335 2145 498 2213 eligere.
529 2162 614 2209 Qua
629 2161 787 2212 quidem
803 2161 956 2202 ratione
972 2162 1089 2202 animi
1104 2167 1144 2202 et
1163 2162 1343 2213 corporis
1364 2162 1477 2213 quasi
1491 2160 1686 2212 quendam
1708 2173 1945 2201 consensum
1965 2161 2204 2214 significavit
2223 2161 2543 2213 uniuscuiusque

217 2233 382 2290 arbitrio
403 2233 672 2285 peculiarique
702 2235 820 2274 animi
850 2234 985 2275 habitu
1014 2241 1054 2275 et
1079 2234 1332 2275 inclinatione
1360 2235 1618 2276 constitutum
1632 2233 1692 2287 θ).
1728 2233 1771 2274 In
1802 2246 1850 2274 eo
1879 2233 2051 2285 denique
2078 2233 2252 2286 dialogo,
2281 2235 2321 2275 in
2351 2246 2431 2285 quo
2461 2233 2543 2286 Py-

217 2305 465 2361 thagoricum
496 2306 698 2348 Timaeum
729 2307 938 2349 docentem
967 2307 1085 2359 fecit,
1129 2306 1259 2349 nostri
1288 2306 1406 2347 animi
1435 2289 1584 2359 pariter
1614 2312 1732 2360 atque
1761 2305 1870 2357 eius,
1909 2305 1976 2358 qui
2006 2306 2079 2348 toti
2108 2306 2256 2347 mundo
2284 2312 2348 2349 est
2379 2305 2541 2355 inditus,

216 2385 350 2432 partes
379 2378 559 2422 diversas
588 2380 818 2423 harmoniae
847 2381 1014 2435 quadam
1051 2380 1205 2423 ratione
1234 2386 1470 2434 temperatas
1499 2385 1538 2421 et
1578 2379 1617 2420 in
1648 2391 1763 2420 unam
1794 2385 1973 2421 naturam
2003 2385 2213 2422 contextas
2242 2391 2333 2421 esse
2361 2379 2458 2421 dixit
2484 2376 2541 2435 ⁷)-

216 2453 270 2493 At
299 2453 488 2508 quidquid
526 2454 755 2495 harmoniae
784 2456 929 2497 rationi
958 2467 980 2496 a
1011 2456 1271 2511 Pythagoreis
1300 2455 1525 2509 propositae
1556 2454 1718 2506 tribuit,
1757 2460 1886 2494 tamen
1917 2466 2007 2493 cum
2038 2465 2174 2494 veram
2205 2454 2323 2493 animi
2361 2459 2542 2494 naturam

217 2538 296 2567 non
327 2528 472 2580 talem,
502 2529 628 2582 qualis
660 2530 783 2585 vulgo
814 2530 987 2583 videtur,
1028 2536 1253 2571 concretam
1285 2530 1545 2583 corporisque
1574 2530 1813 2584 contagione
1842 2529 2046 2582 pollutam,
2085 2529 2154 2568 sed
2184 2529 2378 2568 sinceram
2409 2529 2542 2581 potius

217 2611 263 2640 ac
293 2601 511 2655 simplicem
541 2615 633 2644 esse
665 2603 910 2657 eandemque
949 2615 1028 2645 non
1071 2609 1148 2644 tam
1178 2604 1309 2644 inesse
1347 2604 1509 2656 corpori
1538 2615 1654 2656 quam
1692 2603 1832 2644 adesse
1861 2603 2003 2653 vellet,
2047 2602 2085 2641 id
2124 2602 2294 2642 maxime
2322 2602 2542 2643 cavendum

218 2676 393 2726 putavit,
423 2689 474 2717 ne
503 2677 542 2717 in
575 2678 744 2730 partium
775 2689 974 2719 consensu
1005 2677 1190 2730 vitaeque
1219 2677 1512 2718 necessitudine
1541 2678 1694 2718 animus
1719 2690 1768 2717 ex
1799 2687 1968 2728 corpore
1997 2675 2174 2728 pendere
2192 2681 2233 2717 et
2262 2676 2402 2717 mortis
2431 2666 2542 2728 periss

374 2887 402 2929 ¹)
430 2889 590 2932 Xenoph.
617 2890 759 2923 Memor.
789 2889 841 2923 IV
868 2889 909 2931 3,
941 2886 1004 2923 14:
1033 2889 1122 2923 ἀλλὰ
1147 2891 1222 2936 μὴν
1247 2890 1305 2922 καὶ
1333 2888 1532 2933 ἀνθρώπου
1556 2899 1598 2934 γε
1625 2887 1734 2933 titul-(12,
1761 2885 1783 2930 ἶ]
1808 2888 1912 2931 εἴπερ
1940 2899 1972 2920 u
1998 2888 2057 2921 καὶ
2086 2885 2170 2920 ἄλλο
2197 2888 2267 2920 τῶν
2293 2885 2541 2932 ἀνθρωπίνων

370 2948 430 2979 τοῦ
457 2950 560 2980 θείου
585 2949 739 2992 μετέχει,
768 2946 822 2980 ὅτι
847 2948 919 2993 μὲν
944 2947 1127 2992 βασιλεύει
1147 2950 1188 2982 ἐν
1213 2948 1303 2993 ἡμῖν
1320 2947 1493 2992 φανερόν,
1520 2948 1646 2993 ὁρᾶται
1673 2947 1714 2980 δὲ
1742 2945 1817 2980 οὐδ’
1833 2946 1928 2987 αὐτή.
1956 2944 1982 2979 ἃ
2004 2949 2073 2991 χρῆ
2100 2948 2340 2980 κατανοοῦντα
2360 2947 2410 2990 μ’)
2438 2957 2541 2979 καπη-

371 3010 528 3048 ᾳιρονεῖν
553 3009 623 3040 τῶν
649 3005 866 3050 τῖορατῶν...
896 3007 1052 3040 Braudis.
1082 3007 1118 3040 11
1146 3018 1180 3050 p.
1207 3006 1326 3041 63.-
1350 3001 1380 3046 2)
1410 3007 1482 3041 Cic.
1510 3009 1550 3040 de
1577 3008 1676 3040 amic.
1704 3004 1738 3039 4.
1758 3024 1804 3030 -
1828 3003 1858 3046 ³)
1886 3007 1977 3039 Plat.
2005 3006 2138 3039 Phaed.
2164 3017 2199 3048 p.
2233 3002 2305 3038 114
2331 3005 2376 3040 D.
2403 3005 2540 3047 Deyeks

370 3063 523 3096 Platonis
550 3067 592 3098 de
618 3066 803 3098 animorum
829 3067 1027 3108 migratione
1053 3068 1215 3100 doctrina.
1235 3068 1356 3108 Progr.
1386 3066 1509 3108 Gymn.
1539 3067 1726 3100 Confluent.
1757 3063 1853 3099 1834
1880 3077 1913 3108 p.
1944 3065 1976 3098 7.
1998 3082 2046 3089 -
2070 3061 2101 3103 ¹⁸)
2130 3063 2382 3098 Steinhartl.1.
2404 3075 2439 3105 p.
2454 3063 2540 3097 380.

372 3118 518 3158 456—
538 3124 568 3165 ⁵)
595 3125 685 3157 Plat.
714 3126 846 3157 Phaed.
873 3136 906 3167 p.
938 3126 984 3158 72
1010 3125 1159 3158 E-—77
1188 3127 1234 3158 A.
1263 3142 1310 3149 —
1337 3120 1370 3166 0)
1396 3127 1450 3157 De
1474 3126 1562 3167 Rep.
1590 3126 1623 3158 X
1651 3125 1723 3158 617
1752 3125 1793 3157 E.
1836 3125 1982 3157 Brandis
2008 3125 2032 3157 l.
2060 3125 2084 3157 l.
2112 3125 2149 3157 11
2177 3120 2262 3156 449.
2303 3123 2539 3164 Wyttcnbach.

374 3182 538 3214 animadv.
566 3185 600 3215 in
627 3185 718 3215 Plut.
746 3185 805 3215 lib.
833 3186 873 3215 de
903 3194 965 3215 ser.
993 3195 1083 3216 num.
1112 3186 1199 3216 vind.
1233 3185 1314 3216 113.
1342 3201 1389 3208 —
1420 3184 1450 3224 7)
1477 3186 1568 3216 Plat.
1596 3185 1684 3216 Tim.
1714 3195 1746 3225 p.
1776 3184 1835 3216 35.
1866 3183 1925 3215 37.
1955 3181 2014 3215 41,

2210 3248 2251 3269 qa.
