2744 3711
1232 266 1519 308 -23-

217 402 347 458 posui,
377 407 460 444 tum
488 401 575 442 aliis
605 400 840 442 testimoniis
869 400 1074 454 ipsiusque
1092 399 1324 454 disciplinae
1345 398 1502 441 ratione
1522 397 1793 439 confirmatur.
1834 397 1877 438 lu
1899 397 2068 453 singulis
2096 398 2332 440 testimoniis
2346 397 2390 454 ¹)
2421 411 2543 440 unum

219 478 363 519 mirum
393 477 523 517 videri
550 481 698 529 potest,
726 476 833 528 quod
862 474 979 514 affert
995 474 1242 526 Plutarchus,
1268 475 1485 528 Epicurum
1513 479 1689 513 mentem
1715 474 1936 526 appellasse
1964 473 2012 512 τό
2043 470 2282 526 ἡγεμονικόν
2302 472 2468 521 ἀπαθές
2480 475 2539 529 ²).

220 552 331 601 Quae
360 549 557 591 sententia
586 560 676 590 cum
705 548 815 589 nullo
845 547 963 588 modo
992 558 1084 587 cum
1112 547 1287 589 Platonis
1315 547 1381 587 vel
1394 547 1625 588 Aristotelis
1650 548 1795 600 placito
1823 547 1966 587 debeat
1994 546 2197 599 confundi,
2226 559 2275 588 eo
2304 554 2435 589 tamen
2465 559 2543 601 po-

219 626 315 668 terit
343 623 557 678 explicari,
597 622 704 676 quod
732 622 931 674 Epicurus
958 633 1120 675 operam
1148 621 1259 664 dedit
1286 622 1492 663 maximam
1507 651 1519 673 ,
1556 628 1601 664 ut
1628 627 1799 664 mentem
1835 622 2016 668 turbidis,
2046 622 2218 663 motibus
2248 635 2367 675 posse
2396 634 2543 664 vacare

221 706 263 741 ct
291 699 417 740 solam
446 698 523 739 sibi
552 709 694 750 sapere
723 697 879 749 sibique
908 696 1085 750 gaudere
1114 696 1404 749 comprobaret.
1462 695 1562 737 Nam
1590 708 1670 748 quo
1701 696 1871 737 maxime
1898 709 1921 736 a
1951 696 2194 748 philosophis
2223 696 2388 738 dissedit
2410 697 2544 750 Cyre-

220 773 346 814 naicis
363 771 430 827 ³),
471 783 686 823 summam,
726 783 827 823 quae
855 770 1004 811 homini
1032 769 1251 823 appetenda
1279 777 1407 821 esset,
1449 770 1690 822 voluptatem
1729 771 1769 811 in
1800 769 1917 810 animi
1954 768 2171 811 indolentia
2199 775 2241 811 et
2267 770 2547 823 tranquillitate

219 847 390 900 positam
420 857 512 887 esse
539 844 727 885 iudicavit
736 842 797 898 4).
836 843 1053 884 Moralibus
1081 855 1182 884 vero
1211 843 1434 896 praeceptis
1463 842 1662 896 physicam
1691 843 1912 884 doctrinam
1940 842 2117 885 adhibuit
2134 843 2247 895 quasi
2276 842 2544 886 adiumentum

223 918 419 974 quoddam
456 918 728 960 necessarium
753 916 808 973 ⁵).
869 918 954 968 Qua
982 917 1141 970 quidem
1179 918 1333 959 ratione
1361 917 1477 959 valde
1515 917 1726 958 declinavit
1755 928 1778 957 a
1805 916 2053 964 Democrito;
2095 916 2210 957 cuius
2254 913 2305 957 de
2341 917 2544 970 principiis

222 998 389 1035 naturae
417 992 634 1034 sententias
664 1003 755 1032 cum
785 992 1018 1045 probasset,
1047 991 1174 1034 noluit
1203 997 1334 1033 tamen
1363 1002 1451 1033 cum
1482 991 1624 1033 eodem
1653 1002 1791 1033 omnes
1825 1003 1892 1032 res
1921 996 2087 1031 naturae
2116 991 2380 1044 perscrutari3
2410 1002 2542 1045 angu-

223 1066 413 1108 stioribus
443 1066 645 1119 physicam
675 1066 854 1107 coercuit
881 1066 1024 1105 finibus
1053 1071 1094 1106 et
1122 1077 1280 1106 omnem
1300 1065 1543 1117 disciplinam
1563 1067 1703 1107 eodem
1733 1077 1873 1118 paene,
1902 1066 2007 1105 unde
2031 1065 2218 1106 Socrates
2247 1071 2334 1106 erat
2362 1077 2550 1117 exorsus,

224 1138 450 1189 revocavit,
491 1143 535 1178 ut
565 1138 615 1178 de
653 1137 822 1191 hominis
853 1138 1097 1190 potissimum
1135 1137 1370 1178 condicione
1406 1144 1445 1179 ct
1487 1145 1599 1180 recto
1640 1139 1801 1179 vivendi
1838 1134 1941 1179 statu
1980 1138 2212 1191 inquireret.
2271 1140 2378 1179 Ante
2416 1139 2548 1179 omnia

225 1224 326 1252 vero
356 1213 556 1253 hominem
586 1212 691 1251 vitae
721 1211 1020 1263 tempestatibus
1051 1211 1209 1263 eripere
1239 1211 1279 1252 et
1308 1224 1404 1252 suae
1432 1224 1628 1266 quemque
1657 1214 1833 1265 privatae
1861 1213 1984 1252 sortis
2013 1212 2215 1252 dominum
2244 1212 2417 1253 reddere
2444 1224 2549 1252 con-

224 1286 362 1327 stituit.
403 1287 513 1333 Quae
544 1285 845 1336 philosophandi
874 1285 975 1325 ratio
1005 1285 1153 1324 nemini
1180 1285 1327 1336 poterit
1353 1286 1450 1326 mira
1469 1286 1596 1326 videri
1624 1286 1822 1337 reputanti
1851 1298 1968 1336 quam
1998 1284 2166 1325 afflictae
2193 1285 2272 1325 illis
2302 1286 2548 1337 temporibus

175 1410 177 1412 q
228 1371 275 1398 ac
304 1357 521 1399 labefactae
550 1356 698 1398 suerint
735 1363 776 1398 et
812 1356 1052 1397 domesticae
1090 1369 1157 1397 res
1196 1362 1236 1397 et
1274 1357 1468 1410 publicae.
1526 1358 1783 1412 Eandemque
1819 1357 1936 1398 animi
1971 1357 2194 1400 libertatem
2224 1364 2265 1399 et
2295 1358 2548 1399 securitatem

226 1445 298 1475 sua
328 1431 572 1484 philosophia
602 1437 875 1474 sustentarunt
893 1430 1028 1473 Stoici.
1059 1431 1289 1484 Quanquam
1318 1431 1421 1473 inter
1449 1438 1657 1486 utramque
1686 1431 1858 1474 scholam
1888 1431 1985 1473 haec
2016 1430 2293 1473 dissimilitudo
2320 1431 2550 1489 intercessit

224 1517 461 1559 permagna,
500 1504 606 1557 quod
649 1504 770 1546 Stoici
790 1505 947 1547 virtutis
987 1510 1027 1546 et
1052 1504 1270 1546 honestatis
1296 1506 1422 1558 pretio
1451 1505 1610 1559 impulsi
1630 1506 1898 1560 magnitudine
1927 1505 2093 1558 quadam
2122 1505 2241 1547 animi
2270 1506 2327 1547 uti
2356 1511 2396 1547 et
2425 1517 2550 1560 agere

225 1577 356 1630 fortia,
384 1578 571 1631 Epicurei
592 1577 804 1630 voluptatis
824 1577 1000 1620 cultores
1030 1577 1236 1630 prudentia
1257 1583 1297 1619 et
1316 1578 1497 1620 cautione
1525 1579 1743 1621 adhibenda
1773 1591 1912 1620 arcere
1943 1591 1965 1619 a
1995 1590 2040 1620 se
2069 1578 2258 1620 adversas
2288 1589 2357 1620 res
2374 1585 2415 1622 et
2444 1590 2549 1621 con-

225 1652 370 1694 trarias
401 1652 636 1694 maluerunt.
681 1651 803 1704 idque
832 1652 975 1693 Stoicis
1004 1652 1044 1692 in
1073 1664 1144 1692 sua
1172 1651 1222 1692 de
1253 1652 1379 1693 animo
1408 1652 1588 1694 doctrina
1617 1651 1739 1694 multo
1769 1651 1880 1692 licuit
1910 1651 2107 1692 affirmare
2137 1651 2399 1693 confidentius
2430 1663 2548 1692 men-

226 1732 306 1768 tem
334 1725 375 1766 in
404 1726 562 1767 homine
592 1731 742 1778 partem
771 1738 861 1767 esse
890 1730 930 1766 et
959 1730 1153 1778 potestate
1184 1731 1223 1767 et
1252 1724 1451 1767 dominatu
1481 1727 1868 1779 praestantissimam.
1909 1726 2007 1767 Nam
2037 1726 2245 1767 oriundam
2275 1725 2380 1767 illam
2408 1726 2552 1767 existi-

227 1805 384 1840 marunt
414 1799 538 1853 stirpe
568 1799 712 1840 divina.
771 1798 855 1839 Nec
884 1798 991 1851 quod
1020 1797 1227 1851 Epicureis
1256 1798 1383 1839 visum
1412 1804 1494 1851 est,
1539 1806 1709 1842 mentem
1740 1799 1937 1842 contineri
1982 1811 2154 1852 corpore
2172 1830 2183 1851 ,
2227 1799 2298 1840 sed
2328 1799 2452 1852 ipsam
2481 1811 2553 1841 sua

227 1874 267 1915 vi
300 1873 510 1927 complecti
540 1887 656 1917 omne
687 1885 833 1927 corpus
863 1879 902 1914 et
932 1879 1070 1915 tenere
1100 1872 1312 1914 voluerunt
1332 1871 1391 1927 ὁ).

398 1946 602 2000 Explicata
632 1958 772 1988 caussa
802 1958 875 1987 cur
903 1945 1089 1999 Epicurei
1108 1945 1447 2000 Pythagoreorum
1478 1946 1583 1988 illam
1612 1946 1662 1988 de
1691 1946 1896 1990 harmonia
1927 1947 2162 1989 sententiam
2191 1946 2407 1988 reiecerint
2435 1957 2554 1987 men-

231 2020 361 2073 tisque
392 2020 655 2074 principatum
685 2020 790 2062 tueri
818 2025 1023 2073 tantopere
1053 2019 1297 2071 studuerint,
1327 2024 1450 2060 restat
1479 2026 1608 2062 tamen
1640 2027 1682 2063 ut
1711 2032 1962 2072 moneamus,
1993 2021 2100 2074 ipsos
2129 2032 2203 2074 pro
2232 2020 2424 2074 peculiari
2452 2020 2552 2059 doc-

229 2094 360 2136 trinae
405 2106 502 2136 suac
542 2094 696 2136 ratione
726 2106 804 2135 non
835 2094 989 2146 penitus
1027 2093 1075 2133 ab
1104 2093 1190 2135 istis
1220 2093 1430 2134 dissentire
1469 2095 1661 2147 potuisse.
1720 2095 1818 2135 Nam
1857 2101 2028 2137 mentem
2069 2100 2218 2136 tantum
2248 2094 2344 2136 afuit
2381 2099 2424 2134 ut
2462 2104 2554 2134 esse

230 2180 302 2220 per
331 2180 376 2209 se
405 2175 446 2210 et
486 2169 684 2209 exsistere
714 2167 1005 2217 concederent,
1045 2171 1089 2206 ut
1126 2165 1223 2206 nihil
1261 2178 1423 2208 curasse
1453 2168 1661 2209 videantur
1691 2169 1927 2220 studiosius,
1968 2180 2083 2220 quam
2114 2175 2155 2209 ut
2185 2168 2271 2209 solo
2312 2169 2352 2208 in
2381 2178 2554 2219 corpore

229 2248 370 2284 nostro
400 2243 540 2297 vigere
571 2242 676 2282 illam
706 2242 937 2295 probarent.
997 2239 1111 2289 Quod
1141 2245 1273 2280 autem
1303 2241 1642 2294 Pythagoreorum
1681 2243 1850 2282 maxime
1878 2242 2081 2295 proprium
2121 2241 2243 2282 fuisse
2273 2243 2431 2294 iamque
2460 2240 2553 2280 Pla-

231 2317 315 2357 toni
345 2316 594 2357 refutationis
636 2328 816 2356 caussam
856 2314 1013 2355 dedisse
1042 2314 1232 2364 vidimus,
1269 2315 1374 2354 idem
1413 2317 1665 2368 protulerunt
1701 2318 1887 2371 Epicurei
1928 2318 2104 2358 dicentes
2142 2318 2313 2357 animum
2354 2323 2554 2369 totamque

231 2389 402 2430 hominis
434 2397 612 2430 naturam
642 2391 681 2429 in
713 2400 925 2441 corporum
956 2388 1231 2429 convenientia
1268 2389 1432 2441 quadam
1462 2391 1529 2431 vel
1566 2393 1851 2444 temperatione
1888 2393 2054 2444 positam
2080 2404 2182 2431 esse.
2243 2391 2366 2430 Cuius
2396 2397 2553 2443 tempe-

230 2463 398 2502 rationis
428 2475 548 2515 supra
577 2464 746 2514 primum
778 2461 972 2501 eiusmodi
1001 2462 1192 2513 proposui
1229 2464 1430 2514 exempla,
1476 2466 1620 2516 quibus
1650 2471 1827 2517 pateret,
1874 2466 2082 2504 universas
2123 2477 2188 2504 res
2220 2471 2259 2504 et
2297 2465 2484 2503 animatas
2514 2471 2556 2504 et

231 2536 421 2575 inanimas
451 2537 534 2577 sola
564 2537 628 2576 illa
658 2549 708 2576 ex
730 2547 868 2575 caussa
897 2541 1061 2574 naturae
1091 2547 1187 2574 suae
1218 2535 1365 2576 ducere
1394 2538 1473 2577 vim
1504 2545 1543 2579 et
1573 2540 1876 2591 proprietatem3
1907 2539 2048 2578 deinde
2079 2538 2258 2577 adhibitis
2278 2537 2369 2577 libri
2388 2536 2556 2577 secundi

232 2611 478 2663 argumentis
510 2610 665 2651 ostendi
696 2610 830 2650 eadem
863 2621 1001 2649 caussa
1040 2609 1291 2649 animantium
1330 2610 1525 2652 contineri
1554 2613 1634 2652 vim
1672 2613 1888 2660 sentiendi3
1932 2614 2086 2664 iamque
2126 2611 2326 2651 addendus
2363 2617 2426 2651 est
2463 2610 2556 2650 libri

233 2686 341 2725 tertii
371 2685 436 2726 ille
465 2685 593 2736 locus,
623 2698 701 2737 quo
731 2685 902 2725 hominis
931 2684 1081 2724 animae
1111 2691 1151 2725 et
1179 2685 1321 2725 mentis
1350 2697 1520 2736 corpora
1540 2686 1726 2727 dicuntur
1756 2688 1808 2727 ita
1837 2687 1941 2726 inter
1969 2699 2013 2726 se
2043 2686 2162 2725 mixta
2192 2697 2298 2734 esse,
2331 2689 2375 2724 ut
2404 2697 2554 2736 corpus

235 2755 404 2800 efficiant
434 2771 555 2799 unum
584 2758 716 2800 multis
747 2764 931 2799 constans
962 2757 1126 2809 viribus,
1156 2769 1256 2810 quae
1287 2758 1466 2813 singulae
1497 2766 1677 2801 secretae
1709 2773 1786 2801 non
1818 2759 1970 2812 possint
1999 2759 2148 2801 sentire
2171 2757 2235 2813 ⁷):

390 2972 420 3019 ¹)
448 2978 540 3009 Plut.
569 2978 643 3009 adv.
673 2977 748 3010 Col.
776 2987 806 3009 e.
835 2976 901 3011 20:
954 2977 992 3008 τὸ
1019 2978 1088 3021 γὰρ
1115 2969 1143 3022 ᾧ
1170 2980 1285 3021 κρίνει
1311 2978 1368 3010 καὶ
1394 2975 1615 3022 μνημονεύει
1649 2978 1707 3010 καὶ
1735 2978 1840 3020 φιλεῖ
1874 2978 1932 3009 καὶ
1959 2981 2064 3022 μισεῖ
2091 2977 2150 3009 καὶ
2179 2974 2271 3012 ὅλως
2304 2976 2343 3009 τὸ
2369 2974 2559 3022 φρόνιμον

389 3039 448 3070 καὶ
475 3037 658 3082 λογιςικὸν
685 3037 724 3070 ἔκ
751 3048 856 3077 τινος,
885 3039 1007 3080 φησίν,
1038 3035 1327 3083 ἀκατονομάστου
1353 3036 1536 3078 ποιότητος
1562 3037 1807 3082 ἐπιγίνεσθαι.
1859 3037 1914 3070 De
1942 3034 2030 3079 plac.
2059 3037 2144 3080 phil.
2173 3036 2226 3069 IV
2256 3036 2297 3070 3:
2332 3035 2372 3070 ἐκ
2397 3035 2560 3082 τετάρτου

390 3098 487 3134 τινὸς
515 3094 793 3142 ιέκτιτονομάςου,
823 3094 844 3129 ὃ
869 3092 911 3138 ἦν
938 3097 1029 3141 αὐτῷ
1055 3096 1274 3139 αἰσθητικόν.
1318 3097 1411 3130 Stob.
1439 3098 1501 3130 ecl.
1529 3098 1628 3140 phys.
1655 3108 1689 3140 p.
1720 3097 1802 3131 798.
1842 3113 1886 3119 —
1923 3095 1954 3138 2)
1989 3098 2082 3130 Plut.
2111 3098 2201 3140 plac.
2227 3098 2311 3139 phil.
2340 3097 2393 3130 IV
2420 3096 2480 3130 23.
2511 3113 2557 3120 -—

391 3154 421 3197 3)
448 3157 549 3198 Diog.
576 3157 616 3189 L.
645 3157 679 3189 X
711 3156 793 3189 137.
825 3173 866 3179 --
908 3152 939 3198 ¹⁴)
967 3157 1021 3189 Ib.
1052 3156 1143 3191 136:
1192 3156 1210 3198 η’
1236 3156 1308 3202 μὲν
1334 3157 1500 3200 ἀταραξία
1526 3159 1584 3190 καὶ
1613 3157 1748 3189 ἀπονία
1774 3159 2072 3200 καταστηματικᾳὶ
2098 3158 2194 3189 εἰσιν
2220 3154 2359 3197 ἡδοναί.
2415 3156 2487 3189 Cic.
2516 3158 2556 3190 de

390 3215 446 3247 fin.
474 3216 493 3247 1
524 3218 580 3248 lt.
609 3231 656 3238 —
687 3215 716 3257 ᾖ)
744 3216 845 3257 Diog.
874 3216 913 3247 L.
937 3216 971 3247 X
1001 3212 1083 3248 142.
1116 3213 1197 3248 143.
1233 3217 1287 3249 Cf.
1305 3217 1485 3250 Steinhart.
1514 3218 1537 3249 l.
1565 3217 1588 3248 l.
1617 3227 1650 3259 p.
1679 3214 1764 3250 472.
1792 3233 1841 3241 -—
1867 3211 1899 3256 0>
1926 3216 2020 3249 Sext.
2048 3217 2150 3259 Emp.
2178 3217 2251 3248 adv.
2280 3216 2386 3249 math.
2414 3217 2468 3248 lx
2498 3217 2561 3249 72.

393 3272 464 3307 Cic.
491 3275 569 3307 Nat.
598 3276 701 3308 Deor.
730 3276 766 3308 11
798 3276 853 3316 11,
878 3275 936 3309 29.
966 3275 1021 3309 Cf.
1047 3277 1169 3309 Zeller.
1197 3277 1321 3319 philos.
1350 3276 1470 3310 Graec.
1499 3277 1556 3309 111
1583 3287 1616 3319 p.
1649 3276 1717 3310 101
1746 3278 1821 3309 adn.
1856 3277 1885 3308 1.
1916 3293 1964 3298 —
1994 3275 2024 3316 7)
2052 3277 2188 3309 Lucret.
2217 3275 2284 3308 111.
2316 3275 2506 3310 262—66.

2227 3341 2269 3375 4*
