2744 3711
1220 227 1506 268 ..10-

192 361 299 404 euim
327 366 501 404 mentem
540 372 563 402 a
592 359 747 414 reliqua
774 366 918 403 natura
946 360 1107 404 videtur
1141 361 1259 415 plane
1293 369 1550 415 segregasse,
1579 358 1694 412 quai
1721 369 1832 400 meaa
1858 369 1931 400 aua
1958 358 2001 400 vi
2029 363 2072 401 et
2098 365 2239 402 natura
2267 360 2527 412 inniteretur,

194 434 314 478 modo
341 446 430 477 eam
456 438 547 476 arte
573 443 667 476 cum
695 432 764 476 illa
791 433 1027 487 copulasse,
1063 434 1177 488 quasi
1205 444 1285 476 non
1321 438 1457 484 posset
1482 430 1590 474 illius
1617 441 1696 484 ope
1723 442 1865 474 carere
1885 429 1940 486 ¹).
1993 430 2164 474 Prorsus
2193 437 2324 476 autem
2353 432 2529 475 obscure

194 508 296 551 dixit
321 507 374 550 de
400 507 627 550 animorum
655 505 816 561 origine
843 512 963 561 atque
995 512 1107 551 sorte
1137 507 1282 550 futura.
1339 503 1439 547 Nam
1468 509 1642 547 mente-
1666 503 1806 548 statuit
1833 503 1995 558 quidem
2032 515 2114 546 nou
2143 511 2188 549 ut
2215 505 2383 548 animam
2413 506 2524 548 nasei

196 594 288 625 cum
315 592 491 636 corpore
519 593 598 624 nec
623 592 717 625 use
744 587 927 637 tempore
955 581 1237 636 posteriorem,
1265 578 1603 623 sedextriasecus
1630 577 1792 634 ingredi
1820 577 1862 620 in
1889 576 1989 621 illud
2017 583 2061 620 et
2086 578 2215 634 stirpe
2242 591 2315 622 sua
2343 591 2434 623 esse
2462 580 2529 623 di-

194 653 411 711 vinm²);
441 666 518 697 nec
548 660 680 697 tenen
708 655 985 707 concessit-id,
1014 655 1122 709 quod
1137 654 1248 697 Plato
1271 658 1492 708 putaverat,
1523 652 1646 694 menti
1673 663 1727 694 ex
1754 651 1967 706 superiore
1996 651 2077 693 vita
2103 658 2146 694 et
2174 653 2365 696 societate
2392 653 2539 696 divina

195 738 334 769 rerum
363 728 550 770 notiones
578 727 725 769 inditas
761 738 854 769 esse
883 732 1002 780 atque
1037 728 1211 777 irin-tax
1259 725 1465 768 coniunxit
1499 725 1625 767 artius
1652 730 1829 766 mentem
1854 735 1944 766 cum
1974 724 2127 778 reliqua
2155 732 2298 768 natura
2327 725 2528 769 amnuens

195 811 284 841 eum
312 792 399 840 sola
428 800 616 841 facultate
643 800 693 840 ad
721 799 1023 853 intelligendum
1053 800 1289 841 instructam
1312 798 1511 851 paullatim
1540 798 1698 838 demum
1723 799 2014 852 progrediente
2042 803 2171 839 aetate
2199 800 2281 839 vim
2310 811 2421 840 suam
2450 794 2528 841 ex-

197 873 348 926 plicare
366 872 426 928 ὅ).
487 872 600 914 Unde
634 872 875 927 intelligitur
901 872 1160 915 Aristotelem
1190 872 1301 925 quasi
1338 870 1510 913 mediam
1538 872 1715 914 tenuisse
1742 871 1850 913 inter
1872 871 2048 914 Platonis
2077 874 2313 914 metentium
2343 879 2384 916 et
2412 879 2530 917 vete-

197 959 284 989 rem
311 946 433 998 illam,
465 957 582 999 quam
610 951 707 988 ante
734 946 819 988 dixi
842 945 1097 999 Empedoclis
1125 945 1251 987 fuisse
1279 944 1525 997 aliorumque
1540 944 1769 994 dicentium,
1798 944 1879 985 vim
1909 944 2107 986 sentiendi
2135 951 2254 998 atque
2283 945 2532 1003 intelligendi

197 1025 383 1073 tanquam
412 1032 463 1061 ex
492 1031 573 1061 ovo
602 1019 805 1073 paullatim
836 1031 1101 1073 procrescere
1131 1031 1178 1060 ac
1205 1016 1412 1072 perfici‘ss.
1452 1018 1563 1067 Quae
1589 1018 1640 1059 de
1668 1018 1786 1059 animi
1823 1022 1936 1059 sorte
1975 1017 2109 1060 futura
2144 1019 2185 1060 in
2219 1019 2397 1062 Eudemo
2428 1020 2532 1062 dixit

196 1093 454 1149 popularius,
497 1092 635 1147 paucis
671 1099 764 1135 ante
802 1092 873 1150 (p.
902 1092 931 1134 8
967 1093 1008 1134 in
1036 1092 1127 1134 adn.
1158 1092 1217 1147 4)
1247 1092 1379 1134 notavi
1389 1105 1401 1142 ;
1439 1091 1482 1133 in
1518 1091 1589 1134 illo
1617 1092 1670 1134 de
1707 1092 1835 1134 anima
1864 1104 1988 1147 opere
2016 1091 2145 1134 simile
2174 1092 2271 1136 nihil
2300 1095 2532 1142 enuntiavit.

196 1169 238 1210 Si
257 1179 360 1210 vero
389 1168 570 1223 singulas
598 1170 834 1221 sententias,
862 1180 963 1222 quas
981 1169 1033 1209 de
1061 1174 1194 1209 mente
1223 1168 1365 1218 attulit,
1395 1178 1535 1208 omnes
1550 1166 1840 1220 composueris,
1870 1166 1985 1208 facile
2005 1166 2173 1219 videbis,
2203 1179 2294 1208 eum
2326 1169 2532 1222 praeclare

196 1242 249 1283 de
270 1241 413 1283 mentis
442 1240 638 1282 humanae
665 1241 960 1283 immortalitate
981 1242 1183 1296 cogitasse
1203 1242 1263 1296 ⁵),
1282 1242 1352 1282 sed
1373 1241 1422 1281 ab
1445 1241 1632 1294 opinione
1649 1240 1821 1295 vulgari,
1841 1252 1957 1295 quam
1980 1241 2219 1296 Pythagorei
2238 1249 2278 1285 et
2301 1242 2408 1284 Plato
2429 1243 2532 1284 doc·-

197 1314 307 1372 trina‘
318 1325 391 1357 aua
409 1315 692 1368 probaverant,
720 1315 957 1370 longissime
985 1316 1218 1357 recessisse.
1257 1315 1355 1357 Nam
1375 1325 1465 1356 cum
1495 1325 1653 1355 omnem
1682 1314 2018 1366 recordationem,
2048 1314 2245 1367 dolorem,
2274 1315 2532 1369 voluptatem,

198 1389 273 1430 alia
302 1388 444 1430 similia
473 1387 522 1429 ad
554 1388 697 1430 mentis
724 1394 878 1442 partem
908 1390 1120 1442 patientem
1159 1400 1207 1430 ac
1244 1388 1447 1431 mortalem
1485 1386 1699 1430 referenda
1729 1393 1906 1440 putaret,
1946 1388 2090 1429 mentis
2121 1389 2221 1441 parti
2250 1389 2385 1444 agenti
2414 1394 2533 1443 atque

197 1461 412 1502 immortali
439 1461 536 1502 nihil
564 1472 692 1513 paene
720 1462 945 1513 concessit,
975 1462 1082 1514 quod
1111 1474 1163 1503 ex
1193 1463 1264 1504 hac
1293 1462 1371 1503 vita
1399 1462 1440 1502 in
1468 1461 1631 1502 alteram
1660 1471 1796 1501 secum
1825 1460 1986 1502 auferre
2012 1461 2079 1501 illa
2107 1461 2237 1502 videri
2265 1461 2468 1517 possit-⁶).

334 1578 337 1581 ,
370 1534 558 1575 Restabat
587 1534 712 1588 igitur
740 1535 782 1575 in
811 1535 1043 1576 Aristotelis
1075 1535 1259 1577 doctrina
1288 1535 1433 1589 aliquid
1461 1533 1565 1575 haud
1594 1545 1743 1585 parvae
1772 1533 2031 1574 dubitationis
2041 1545 2053 1581 ;
2090 1533 2199 1586 quod
2229 1534 2315 1575 tolli
2343 1546 2422 1575 non
2454 1543 2531 1588 po·-

197 1612 314 1657 terat,
344 1608 423 1648 nisi
452 1608 624 1650 ulterius
653 1607 703 1648 ad
726 1608 889 1649 intimos
919 1608 1193 1661 philosophiae
1221 1620 1409 1649 recessus
1439 1606 1741 1659 procederetur.
1783 1607 1917 1655 Quare
1945 1618 2026 1648 non
2057 1613 2118 1648 est
2147 1607 2382 1657 mirandum,
2412 1608 2531 1650 etiam

197 1692 284 1731 eos,
316 1680 384 1733 qui
414 1681 595 1733 proxime
623 1680 886 1722 Aristotelem
916 1687 1012 1721 sunt
1041 1681 1184 1732 secuti,
1226 1681 1461 1734 discipulos,
1492 1692 1583 1720 cum
1613 1680 1775 1733 ingenio
1796 1680 1966 1732 impares
1997 1680 2176 1734 magistri
2204 1680 2366 1721 inventa
2388 1680 2532 1722 defen-

198 1753 294 1795 dere
332 1765 414 1794 non
445 1759 584 1795 essent
612 1753 723 1805 ausi,
765 1753 813 1796 ab
854 1765 904 1795 eo
935 1753 1156 1795 descivisse
1184 1761 1225 1796 et
1260 1767 1351 1796 mox
1380 1753 1496 1795 valde
1519 1753 1819 1808 degenerasse.
1885 1751 1998 1794 Multi
2036 1759 2166 1795 autem
2206 1754 2243 1794 in
2284 1766 2332 1795 eo
2371 1753 2531 1797 fuerunt

197 1827 436 1880 concordes,
456 1828 564 1881 quod
582 1828 623 1868 in
643 1827 877 1880 quaestione
896 1827 947 1867 de
967 1828 1095 1868 anima
1114 1828 1289 1868 instituta
1309 1828 1346 1867 id
1361 1815 1577 1880 'praecipue
1598 1826 1887 1880 explorandum
1905 1833 2175 1879 sumpserunt,
2197 1839 2276 1880 quo
2293 1833 2406 1880 pacto
2423 1839 2531 1869 mens

196 1901 262 1941 vel
290 1901 520 1943 intellectus
551 1912 642 1941 cum
671 1911 795 1943 sensu
823 1906 865 1942 et
894 1912 1069 1953 corpore
1093 1900 1339 1943 cohaereret.
1369 1901 1448 1941 Sed
1478 1906 1625 1953 quanto
1656 1901 1800 1952 minus,
1828 1911 1931 1952 quae
1961 1900 2000 1940 in
2032 1901 2175 1940 mentis
2198 1901 2387 1953 simplicis
2417 1909 2531 1955 atque

196 1974 411 2016 immobilis
439 1974 671 2016 definitione
701 1975 879 2017 inessent
908 1974 1128 2015 difficiliora
1158 1981 1199 2015 et
1228 1974 1436 2016 subtiliora
1466 1975 1540 2026 ipsi
1569 1974 1773 2027 explicare
1804 1980 2036 2026 potuerant,
2067 1979 2176 2014 tanto
2207 1976 2334 2028 magis
2362 1988 2411 2016 eo
2440 1982 2531 2017 sunt

199 2047 374 2099 delapsi,
415 2052 460 2089 ut
489 2058 647 2089 omnem
677 2047 783 2089 illam
813 2047 896 2088 vim
935 2059 1026 2089 cum
1056 2059 1176 2089 sensu
1209 2053 1249 2089 et
1278 2059 1450 2100 corpore
1478 2046 1789 2098 confunderent,
1827 2048 1943 2089 etiam
1973 2059 2064 2088 esse
2092 2053 2264 2089 mentem
2294 2053 2334 2089 et
2363 2049 2530 2089 animam

196 2129 366 2172 prorsus
395 2125 605 2173 negarent.
660 2119 906 2163 Reciderunt
934 2120 1059 2174 igitur
1088 2119 1127 2161 in
1159 2118 1321 2161 eosdem
1351 2131 1478 2172 paene
1507 2131 1686 2171 errores,
1716 2131 1816 2172 quos
1847 2124 1963 2161 antea
1992 2119 2282 2172 antiquioribus
2311 2125 2353 2162 et
2381 2132 2532 2173 aequa-

193 2190 302 2235 libus
330 2191 577 2246 philosophis
605 2198 646 2237 et
665 2191 775 2236 Plato
805 2199 847 2237 et
875 2192 1117 2236 Aristoteles
1147 2184 1501 2246 exprobraverant.
1532 2192 1668 2247 ltaque
1693 2192 1959 2235 Dicaearchus
1990 2199 2032 2235 et
2049 2192 2331 2246 Aristoxenus,
2361 2200 2531 2247 uterque

196 2265 429 2308 Aristotelis
457 2265 692 2320 discipulus,
722 2266 1066 2323 Pythagoreorum
1088 2266 1138 2308 de
1167 2267 1370 2309 harmonia
1400 2267 1635 2309 sententiam
1658 2266 1828 2322 amplexi
1858 2274 1964 2319 sunt,
1993 2267 2161 2309 eandem
2190 2267 2296 2309 illam
2326 2279 2348 2308 a
2369 2267 2530 2308 Platone

196 2345 239 2380 et
276 2339 498 2380 Aristotele
534 2340 785 2394 gravissimis
831 2341 1052 2381 rationibus
1100 2340 1322 2382 refutatam.
1392 2342 1634 2393 Quamquam
1673 2340 1937 2393 Aristoteles,
1984 2341 2051 2394 qui
2097 2343 2184 2394 ipse
2232 2343 2397 2382 animam
2439 2353 2529 2381 cum

196 2422 370 2474 corpore
399 2412 598 2454 artissimo
618 2413 780 2455 vinculo
810 2413 1032 2467 copulatam
1050 2420 1091 2456 et
1108 2420 1292 2467 tanquam
1319 2413 1485 2455 formam
1516 2414 1700 2467 corporis
1731 2425 1896 2467 eamque
1914 2415 2219 2468 inseparabilem
2249 2414 2529 2469 significasset,

195 2484 312 2529 facile
350 2485 481 2538 potuit
523 2485 564 2525 in
601 2496 689 2527 eam
729 2490 881 2539 partem
920 2486 1111 2541 intelligi,
1149 2494 1192 2530 ut
1230 2487 1413 2529 assentiri
1452 2487 1585 2539 potius
1621 2498 1736 2540 quam
1766 2488 1971 2530 adversari
2010 2488 2271 2543 Pythagoreis
2310 2487 2528 2530 videretur.

353 2615 382 2657 ²)
408 2616 518 2652 Arist.
533 2618 575 2651 de
602 2627 704 2651 sensu
732 2628 765 2651 e.
789 2617 834 2652 6:
864 2615 950 2651 ου’δὲ
977 2623 1059 2652 νοεῖ
1085 2618 1104 2652 ὁ
1128 2620 1214 2655 νοῦς
1239 2619 1282 2652 uz
1308 2618 1407 2655 ἐτιός
1430 2619 1481 2663 μή
1507 2618 1585 2663 μετ’
1612 2616 1815 2659 αἰσθήσεως
1844 2616 1937 2657 ὄντα,
1965 2615 2042 2662 ἅμα
2070 2617 2123 2652 δὲ.
2151 2620 2299 2652 Ritterl.
2318 2620 2342 2654 1.
2359 2620 2416 2652 III
2448 2618 2529 2652 107.

355 2675 439 2710 109.
471 2676 554 2709 117.
607 2677 720 2709 Zeller
745 2677 785 2711 11
810 2676 900 2711 387.
927 2676 1013 2711 390.
1043 2674 1128 2711 403.
1157 2674 1231 2711 489
1259 2688 1329 2721 sqq.
1367 2694 1415 2701 —
1454 2677 1484 2719 ²)
1509 2678 1664 2720 Metaph.
1692 2678 1745 2710 IX
1774 2677 1814 2710 8:
1843 2679 1882 2709 ιιὶ
1910 2678 1948 2722 τῇ
1974 2678 2114 2722 γενέσει
2144 2675 2249 2722 ἱὲςερα
2280 2679 2325 2721 τῷ
2351 2675 2444 2709 εἴδει
2471 2678 2528 2709 καὶ

350 2737 388 2778 τῇ
424 2733 529 2777 οὐσίᾳ
564 2732 737 2778 πρότερα,
775 2728 856 2769 οἷον
884 2759 932 2772 ...
969 2735 1169 2780 ἅνθρωπος
1195 2738 1412 2780 σπέρματος.
1464 2737 1518 2768 De
1544 2747 1599 2769 an.
1633 2738 1652 2769 Ι
1678 2733 1722 2777 4,
1753 2737 1809 2770 13.
1836 2747 1913 2778 gen.
1949 2737 2049 2769 anim.
2077 2737 2115 2769 11
2143 2736 2184 2769 3:
2212 2738 2372 2769 λείπεται
2400 2729 2440 2768 δέ
2468 2736 2530 2768 τὸν

347 2795 435 2825 νοῦν
459 2793 579 2838 μόνον
605 2791 772 2842 θύραθεν
797 2794 1010 2832 eusiciam,
1037 2796 1097 2827 καὶ
1124 2797 1232 2828 θεῖον
1257 2793 1351 2828 εἶναι
1376 2792 1505 2840 μόνον.
1531 2797 1605 2828 vide
1631 2795 1794 2830 Schmidt.
1823 2796 1887 2828 1.1.
1906 2813 1951 2819 —-
1973 2795 2004 2836 3)
2030 2796 2084 2828 De
2111 2806 2165 2828 an.
2194 2795 2250 2829 111
2278 2792 2312 2836 4,
2339 2795 2381 2828 3:
2410 2792 2429 2827 ὁ
2459 2791 2530 2840 ἄρα

349 2850 575 2896 καλούμενος
601 2855 659 2892 τῆς
686 2854 802 2894 ψυχῆς
828 2854 973 2889 νοῦς...
1001 2851 1113 2886 οὐθέν
1138 2853 1238 2886 ἐστιν
1264 2854 1425 2897 ἐνεργείᾳ
1452 2855 1521 2886 τῶν
1547 2853 1659 2887 ὄντων
1684 2857 1774 2897 πρὶν
1800 2859 1911 2888 νοεῖν.
1940 2855 1983 2888 cf.
2012 2856 2239 2888 Trendelenb.
2270 2855 2414 2892 „adesse
2440 2854 2529 2885 idea-

349 2921 423 2944 rum
449 2913 675 2952 conditiones,
700 2912 818 2953 modo,
844 2917 881 2945 ut
907 2913 1003 2954 ipsae
1031 2913 1106 2953 sint,
1132 2917 1214 2954 agat:
1240 2912 1408 2953 cogitatio.
1461 2911 1573 2945 Zeller
1599 2913 1637 2946 11
1663 2911 1749 2946 388.
1780 2909 1865 2946 490.
1895 2931 1941 2938 —-
1970 2910 2002 2954 ⁴)
2030 2913 2137 2946 Arist.
2166 2913 2207 2944 de
2234 2919 2320 2954 part.
2348 2912 2449 2944 anim.
2478 2911 2530 2944 IV

354 2969 419 3005 10:
446 2968 465 3012 ἡ
495 2971 551 3012 ῖῆς
576 2970 693 3015 ψυχῆς
719 2968 809 3016 ἀρχῆ
836 2969 959 3016 πολλῷ
986 2967 1029 3012 δή
1058 2967 1263 3014 δυςκίνητός
1289 2969 1365 3004 ἐστι
1390 2968 1450 3003 καὶ
1477 2967 1705 3017 σωματώδης.
1724 2987 1766 2994 -
1789 2968 1820 3013 ⁵)
1846 2970 1935 3005 Vide
1961 2971 2163 3006 Deinhardt.
2191 2971 2225 3004 in
2251 2970 2372 3013 Progr.
2403 2968 2526 3012 Gymn.

349 3029 599 3072 Vittebergene.
631 3027 741 3062 1840.
777 3040 811 3073 p.
841 3030 902 3063 36.
954 3046 1002 3054 —
1043 3026 1075 3070 ⁰)
1117 3031 1171 3063 De
1198 3040 1253 3062 au.
1282 3031 1300 3061 1
1327 3027 1370 3070 4,
1402 3026 1466 3061 142
1505 3031 1544 3063 vd
1571 3029 1611 3063 δὲ
1650 3029 1887 3063 διανοεῖσθαι
1913 3032 1972 3062 καὶ
1999 3031 2125 3075 φιλεῖν
2151 3030 2172 3071 ἧ
2195 3034 2323 3075 μισεῖν
2358 3029 2421 3060 οὐκ
2455 3029 2530 3065 ἔςιν

351 3089 490 3122 ἐκείνου
517 3087 633 3129 πάθη,
663 3088 751 3121 ἀλλὰ
777 3087 879 3123 τουδὶ
905 3092 966 3123 τοῦ
992 3089 1135 3131 ἔχοντος
1161 3089 1293 3125 ἐκεῖνο,
1319 3079 1340 3133 ᾗ
1367 3088 1485 3122 ἐκεῖνο
1511 3088 1597 3131 ἔχει.
1626 3087 1686 3122 διὸ
1713 3091 1772 3121 καὶ
1799 3088 1921 3122 τούτου
1940 3087 2193 3132 φθειρομένου
2211 3087 2288 3121 οὔτε
2307 3086 2528 3130 μνημονεύει

351 3145 428 3181 οὔτε
455 3146 571 3190 φιλεῖ.
609 3144 653 3182 οὔ
675 3147 746 3192 γὰρ
773 3146 912 3182 ἐκείνου
938 3142 992 3189 ἦν,
1021 3147 1107 3180 ἀλλὰ
1133 3148 1195 3181 τοῦ
1221 3150 1357 3187 κοινοῦ,
1387 3144 1409 3180 ὃ
1434 3145 1631 3183 ιῖπώλολεν.
1666 3146 1687 3181 o‘
1714 3145 1755 3182 δὲ
1782 3150 1866 3186 νοῦς
1902 3148 1987 3186 ἴσως
2021 3146 2207 3190 θειότερόν
2233 3158 2266 3179 τι
2293 3146 2352 3180 καὶ
2381 3145 2527 3183 ἀπαθές

350 3205 435 3243 Scir.
464 3205 509 3239 cf.
537 3205 775 3248 Wyttenbach.
803 3216 921 3249 opusc.
949 3206 986 3241 11
1013 3216 1047 3250 p.
1076 3205 1150 3240 258
1179 3216 1250 3249 sqq.
1305 3206 1418 3240 Zeller
1444 3206 1481 3240 11
1509 3202 1595 3240 497.
