2744 3711
1188 268 1470 312 ...35-

178 402 410 450 haume->eo
445 399 901 454 omniumque!
936 400 976 441 ia
1018 400 1287 447 nimiis-vm
1320 401 1431 444 nolis
1465 407 1598 454 nique:
1618 400 1847 445 intonuniis
1881 402 2005 444 etiam*
2023 402 2282 447 voluntari-n
2315 411 2488 447 nonem

178 479 466 522 conmuni
500 479 627 527 atque*
655 473 953 529 prob-runw).
1014 474 1150 528 ltaque
1183 474 1292 529 quod
1332 480 1374 518 et
1406 481 1568 518 veteres
1601 475 1841 529 Pythgorei
1866 479 1910 517 et
1937 474 2122 518 Socrates
2156 483 2198 518 et
2226 476 2367 528 vitun
2395 489 2488 519 αιιι

174 555 280 595 mu
307 559 380 602 spo
401 545 531 591 ,Μηνὶ
558 546 875 599 praemii-divini
901 547 1042 591 imbuti
1078 553 1241 600 moun>
1266 548 1513 602 gravissimis
1541 548 1676 591 verbis
1702 554 1962 599 monuerant,
1990 560 2044 591 ao
2071 549 2161 601 quis
2188 561 2269 592 ιοιι
2297 557 2489 593 evocatus

173 636 196 667 a
226 622 311 664 Ded
332 621 425 673 ipse
450 632 508 665 a:
540 619 660 663 huius
695 619 881 672 corporis
908 620 1078 665 vinculis
1115 634 1162 664 se
1196 620 1428 673 omedlret,
1466 620 1508 662 id
1541 621 1674 674 ipsu-
1707 629 1785 664 nec
1825 621 1949 663 Stoici
1970 628 2062 663 'nec
2091 621 2276 674 Epicurei
2309 635 2383 676 spe
2417 624 2487 665 ilia

174 696 326 740 abiecta
355 693 624 738 obtinuerunt.
681 692 732 737 Et
768 693 808 736 in
837 692 969 736 Stoica
1005 694 1166 747 quidem
1201 693 1337 739 schola
1365 693 1609 737 voluntariae
1651 694 1791 737 mortis
1825 694 1912 747 ipsc
1939 694 2126 747 princeps
2154 694 2261 736 Zeno
2287 696 2486 740 funestun

175 767 400 821 exemplum
429 766 565 818 dedit,
590 766 696 820 quod
726 766 934 810 Cleanthes
962 774 1004 809 et
1025 768 1171 821 'procul
1199 767 1459 811 dubio‘multi
1487 767 1595 809 aliie
1612 767 1775 810 Graecis
1803 767 2007 821 discipulis
2034 768 2175 810 imitati
2201 774 2315 820 suat,
2343 781 2487 822 quem-

177 842 387 886 admodum
421 842 527 885 inter
554 841 755 885 Romanos
783 841 940 883 Catonis
975 841 1202 895 exemplum
1239 848 1376 885 secuta
1411 847 1470 883 est
1507 842 1806 885 innumerabilis
1842 841 2006 885 fortium
2043 844 2222 884 virorum
2260 843 2406 885 cohors
2426 842 2486 898 ²).

182 916 379 970 Epicurus
415 919 522 958 totus
558 916 599 959 in
636 928 684 958 ea
720 928 768 957 re
797 923 1039 969 occupatus,
1075 924 1120 959 ut
1155 928 1312 958 omnem
1349 915 1574 959 felicitatem
1612 916 1729 958 huius
1767 916 1989 968 praesentis
2019 916 2123 958 vitae
2162 928 2237 958 usu
2265 920 2488 968 coerceret,

175 990 434 1032 vehementer
462 1002 558 1032 sane
587 973 829 1032 discordavit
858 1002 947 1031 cum
976 991 1142 1033 Socrate
1171 997 1212 1033 et
1241 990 1424 1041 Platone,
1451 990 1521 1043 qui
1549 999 1709 1031 omnem
1736 989 1838 1031 hanc
1866 990 1987 1033 vitam
2016 990 2155 1033 mortis
2185 991 2487 1034 commentatio-

175 1077 266 1106 nem
292 1076 387 1107 esse
416 1064 636 1109 voluissent
658 1065 723 1118 ³);
754 1065 1010 1107 vehementer
1039 1065 1144 1109 idem
1172 1077 1195 1105 a
1223 1064 1371 1106 ceteris
1399 1063 1580 1105 omnibus
1609 1068 1652 1105 et
1679 1063 1807 1116 poetis
1843 1070 1884 1106 et
1914 1063 2155 1118 philosophis
2183 1064 2389 1117 dissensit,
2419 1065 2487 1118 qui

176 1145 234 1180 tot
261 1144 302 1180 et
330 1138 448 1180 tantis
478 1138 594 1181 huius
624 1139 729 1181 vitae
758 1139 1019 1181 incommodis
1049 1144 1168 1192 atque
1206 1137 1376 1180 miseriis
1401 1137 1621 1191 perspectis
1648 1138 1763 1191 quasi
1798 1138 2029 1181 consolandi
2065 1150 2204 1181 caussa
2232 1138 2355 1181 Sileni
2391 1138 2487 1180 illud

178 1213 459 1263 decantabant,
486 1224 567 1256 non
596 1213 706 1256 nasci
734 1213 881 1254 homini
909 1202 1032 1267 longe
1059 1213 1248 1265 optimum
1278 1224 1381 1263 esse,
1410 1212 1643 1264 proximum⁴
1664 1218 1796 1252 autem
1825 1224 1941 1265 quam
1972 1214 2141 1266 primum
2171 1212 2344 1267 norw).
2403 1214 2487 1262 Qua

177 1286 372 1328 sententia
401 1285 487 1337 ipse
515 1285 754 1327 Aristoteles
783 1286 822 1327 in
838 1285 1015 1328 Eudemo
1045 1285 1204 1339 dialogo
1233 1284 1302 1326 illo
1332 1284 1536 1337 deperdito
1565 1296 1662 1326 usus
1691 1291 1752 1326 est
1782 1297 1831 1326 eo
1859 1285 1964 1336 loco,
1994 1297 2074 1338 quo
2104 1287 2211 1327 vitae
2239 1285 2396 1328 futurae
2422 1285 2486 1326 fe-

177 1359 363 1400 licitatem
393 1358 635 1412 praedicavit
658 1358 713 1414 ⁵).
772 1358 834 1401 Ex
863 1360 1000 1401 eadem
1036 1359 1231 1402 sententia
1269 1370 1359 1399 cum
1395 1358 1461 1400 alii
1488 1357 1651 1412 Epicuri
1693 1358 1877 1412 aequales
1917 1365 1999 1402 tum
2028 1359 2198 1402 Crantor
2226 1360 2487 1402 Academicus

178 1433 312 1473 afflicti
341 1433 459 1473 animi
488 1433 993 1485 solatium-hauseru11t0).
1032 1434 1228 1486 Epicurus
1258 1434 1375 1473 vitam
1404 1432 1566 1474 efficere
1594 1432 1838 1484 deplorando
1868 1433 2115 1475 miseriorem
2144 1433 2268 1475 noluit
2290 1439 2332 1474 et
2362 1433 2485 1486 palam

179 1506 373 1547 eiusmodi
403 1507 585 1560 querelas
614 1508 870 1559 reprehendit
901 1508 963 1547 vel
991 1507 1164 1548 ludendo
1193 1507 1461 1559 interrogans,
1491 1517 1564 1546 cur
1595 1517 1673 1545 non
1703 1517 1754 1545 ex
1783 1506 1863 1546 vita
1892 1506 2106 1547 excederet
2129 1506 2274 1559 potius,
2302 1506 2370 1559 qui
2393 1506 2484 1548 talia

176 1579 372 1622 crederet.
432 1580 633 1634 Diogenes
661 1580 789 1621 Laert.
821 1580 861 1617 X
895 1580 995 1621 126:
1025 1579 1131 1620 πολῦ
1162 1578 1205 1620 δὲ
1230 1576 1384 1631 χείρων
1414 1576 1487 1618 καί
1516 1576 1536 1617 ὃ
1568 1576 1721 1631 λέγων,

924 1678 973 1684 -
1007 1652 1136 1691 καλὸν
1163 1650 1238 1701 μὲν
1265 1652 1322 1703 μῆ
1355 1651 1504 1703 φῦναι,

690 1718 824 1772 φύντα
857 1716 1006 1766 δ’ῧπως
1039 1715 1165 1766 ὤκιςα
1195 1716 1329 1765 πύλας
1354 1714 1488 1758 Ἀΐδαο
1519 1718 1706 1770 περῆσαι.

178 1790 216 1830 ι’-ἰ
241 1789 316 1841 μὲν
345 1791 423 1845 γὰρ
454 1791 667 1838 neum-9033·
705 1790 822 1830 τοῦτο
853 1791 985 1845 φησί,
1026 1791 1111 1839 πῶς
1152 1788 1225 1830 οὖκ
1263 1790 1480 1844 ἀπέρχεται
1512 1790 1556 1831 ἐκ
1587 1791 1658 1829 τοῦ
1700 1790 1794 1843 ζῆνς
1840 1790 2047 1832 Lucretius
2076 1791 2289 1846 Epicurum
2331 1793 2484 1834 imitans

180 1866 310 1907 multis
338 1867 438 1906 locis
468 1873 602 1907 monet
629 1866 824 1917 homines5
855 1872 898 1906 ut
929 1872 1094 1907 mortem
1124 1877 1449 1918 communemque
1478 1872 1641 1905 naturae
1660 1871 1808 1905 sortem
1828 1866 1968 1906 timere
1987 1873 2026 1907 et
2047 1866 2255 1919 deplorare
2272 1867 2482 1915 desistant;

177 1941 320 1992 premit
349 1941 539 1991 maxime,
570 1940 718 1980 nullum
748 1941 788 1980 in
820 1947 946 1981 morte
976 1953 1136 1981 sensum
1166 1941 1335 1993 ideoque
1366 1939 1513 1979 nullum
1545 1939 1689 1979 malum
1718 1940 1850 1979 inesse
1869 1939 1936 1994 ⁷);
1966 1941 2037 1980 sed
2066 1940 2167 1981 idem
2190 1945 2339 1981 tantum
2359 1941 2483 1992 abest,

180 2019 223 2055 ut
251 2014 291 2054 in
322 2014 394 2054 hac
423 2014 503 2055 vita
530 2014 677 2055 bonum
707 2026 797 2055 esse
828 2014 996 2055 fateatur
1024 2015 1207 2068 vitaeque
1238 2027 1311 2054 usu
1339 2013 1522 2065 laetetur,
1550 2018 1594 2054 ut
1623 2024 1719 2066 quas
1750 2012 1943 2066 Epicurus
1972 2014 2224 2066 querentium
2253 2025 2374 2056 voces
2405 2016 2484 2056 im-

181 2087 384 2138 probavit,
414 2087 571 2128 easdem
602 2087 780 2140 proferat
810 2093 850 2128 et
880 2088 1021 2140 probet
1036 2087 1094 2143 ⁸).
1153 2088 1283 2142 Negat
1314 2099 1389 2128 non
1420 2088 1531 2128 nasci
1559 2087 1702 2127 malum
1732 2099 1838 2129 esse:
1884 2088 1916 2128 V
1951 2088 2029 2129 176

690 2144 836 2214 quidve
866 2162 955 2200 mali
986 2160 1114 2201 suerat
1143 2162 1257 2201 nobis
1287 2172 1365 2201 non
1395 2171 1486 2201 esse
1514 2160 1690 2201 creatis?

177 2234 267 2275 Alio
296 2246 394 2275 vero
425 2234 513 2275 loco
543 2235 739 2275 hominem
770 2241 997 2276 nascentem
1026 2235 1230 2287 deplorat:
1262 2235 1294 2274 V
1325 2234 1408 2274 226
1438 2245 1495 2286 sq.

689 2311 908 2363 vagituque
937 2310 1067 2349 locum
1098 2309 1259 2363 lugubri
1288 2307 1481 2360 complet,
1511 2312 1556 2347 ut
1584 2314 1790 2360 aequumst

688 2383 753 2422 cui
781 2388 932 2424 tantum
961 2383 1001 2422 in
1033 2383 1111 2423 vita
1140 2387 1266 2422 restet
1294 2381 1463 2421 transire
1493 2380 1697 2420 malorum.

183 2455 258 2502 Qui
287 2468 430 2496 versus
467 2456 647 2507 expressi
686 2468 777 2496 esse
805 2455 991 2497 videntur
1020 2467 1071 2495 ex
1111 2455 1307 2495 celebrata
1342 2454 1406 2494 illa
1443 2454 1662 2506 sententia,
1700 2466 1774 2508 qua
1811 2456 1850 2495 in
1888 2456 2131 2509 Cresphonte
2169 2467 2266 2497 usus
2305 2461 2368 2497 est
2397 2454 2485 2496 Eu·

177 2527 346 2579 ripides,
376 2540 494 2580 quem
523 2534 679 2581 poetam
708 2529 841 2570 multis
868 2528 969 2568 locis
996 2528 1206 2568 Lucretius
1238 2527 1410 2567 imitatus
1440 2533 1502 2567 est
1524 2526 1570 2582 ⁹)
1583 2542 1601 2566 :-

690 2595 812 2649 ἐχρῆν
841 2595 919 2650 γάρ
951 2595 1061 2649 ἡμᾶς
1093 2594 1292 2647 σύλλογον
1320 2593 1590 2644 ποιουμένους

688 2664 757 2704 τὸν
786 2662 919 2717 φύντα
952 2666 1144 2718 θρηνεῖν,
1176 2663 1233 2711 εἰς
1264 2660 1489 2715 ὅσ’ἔρχεται
1519 2660 1637 2711 κακά,

688 2732 759 2773 τόν
790 2726 889 2772 ὸάὖ
919 2730 1102 2773 θανόντα
1132 2730 1206 2772 καί
1236 2729 1373 2772 πόνων
1402 2728 1659 2780 πεπαυμένον

682 2798 910 2853 χαίροντας
940 2799 1227 2854 εὐφημοῦντας
1257 2797 1474 2849 ἐκπέμπειν
1504 2796 1655 2847 δόμων.

333 2898 365 2944 ¹)
399 2904 453 2936 De
487 2905 609 2938 Stoicis
644 2906 710 2938 vid.
746 2906 847 2946 Diog.
884 2906 925 2938 L.
962 2905 1034 2938 VII
1072 2905 1152 2938 130.
1215 2905 1337 2937 Zeller.
1371 2904 1394 2935 1.
1430 2903 1454 2934 l.
1491 2903 1547 2934 III
1587 2900 1669 2934 185.
1721 2900 1773 2932 De
1806 2899 1982 2940 Epicureis
2018 2902 2083 2932 Vid-
2121 2902 2224 2944 Diog.
2257 2905 2297 2936 L.
2334 2905 2369 2937 X
2407 2903 2489 2939 145.

330 2961 402 2995 Cic.
430 2964 471 2995 dc
496 2965 553 2997 fin.
580 2964 599 2996 1
629 2963 686 2997 19.
740 2963 922 2996 Steinhart,
957 2964 992 2996 in
1017 2964 1139 2997 Ersch.
1178 2969 1212 2996 et
1237 2962 1345 2996 Grub.
1385 2961 1512 3003 encycl.
1548 2970 1575 2992 s.
1603 2970 1633 2992 v.
1659 2958 1756 3001 Epic.
1785 2969 1818 3001 p.
1848 2954 1934 2991 470.
1973 2975 2019 2982 —
2060 2957 2089 3001 ²)
2130 2960 2233 3003 Diog.
2259 2963 2302 2996 L.
2329 2964 2402 2998 VH
2427 2964 2489 2999 28.

275 3028 282 3036 ⁴
340 3020 422 3055 176.
478 3022 533 3057 Cf.
561 3023 713 3057 Lasaulx
738 3024 780 3056 de
804 3024 921 3057 mortis
951 3024 1122 3057 dominatu
1148 3024 1182 3056 in
1206 3028 1346 3056 veteres.
1373 3021 1508 3055 Monaci
1544 3018 1638 3053 1835
1666 3029 1700 3062 p.
1728 3014 1788 3051 42.
1818 3033 1864 3040 ——
1895 3015 1925 3060 ³)
1954 3018 2045 3051 Plat.
2072 3019 2204 3054 Phaed.
2232 3032 2266 3065 p.
2295 3020 2344 3057 64
2370 3024 2412 3057 B.
2441 3042 2490 3049 —-

336 3078 369 3122 ⁶⁸)
397 3081 453 3114 Cf.
480 3083 650 3116 Welcker.
679 3085 719 3116 de
744 3084 891 3117 Prodico
918 3084 988 3117 Ceo
1014 3085 1049 3116 in
1074 3084 1195 3117 Museo
1220 3083 1331 3116 Rhen.
1351 3080 1457 3115 1833.
1473 3077 1528 3113 14
1543 3090 1576 3122 p.
1592 3077 1667 3112 609
1687 3088 1758 3121 sqq.
1777 3094 1822 3099 —
1841 3076 1870 3119 5)
1899 3078 2077 3112 Plutarch.
2095 3078 2234 3114 Consol.
2258 3083 2301 3115 ad
2326 3083 2491 3126 Aponon.

335 3150 365 3172 ο.
395 3140 454 3173 27.
495 3158 541 3164 -
578 3138 608 3184 ⁶)
645 3144 822 3176 Plutarch.
850 3145 895 3176 ib.
948 3145 1118 3177 Weicker.
1152 3144 1175 3175 1.
1203 3143 1227 3175 1.
1253 3153 1286 3185 p.
1315 3141 1399 3176 625.
1437 3155 1485 3163 —
1522 3139 1552 3181 ⁷)
1588 3139 1645 3171 111
1672 3136 1911 3171 828-1093.
1949 3153 1998 3160 —
2034 3132 2064 3177 ⁸)
2103 3139 2509 3188 Quaestt.1,ucrett.p.·

332 3195 498 3235 34-37.
526 3219 574 3226 —-
602 3198 633 3244 ⁹)
661 3205 714 3237 Ib.
743 3200 905 3238 38—42.
932 3204 1050 3246 Eurip.
1077 3203 1199 3245 fragm.
1222 3203 1316 3236 XIII
1340 3203 1374 3235 in
1399 3202 1477 3234 edit.
1506 3199 1549 3233 G.
1564 3199 1741 3239 Diuum-fii,
1767 3198 1893 3231 Poetae
1920 3198 2051 3232 Scenici
2079 3199 2140 3233 Gr.
2157 3201 2279 3243 -,cf.
2303 3202 2494 3238 Cic.Tusc.

333 3257 352 3292 1
381 3255 441 3301 48,
471 3260 553 3296 115.
606 3263 722 3308 Eurip.
749 3264 945 3308 Belleroph.
970 3263 1091 3307 fragm.
1119 3263 1199 3297 XX.
