2744 3711
1229 290 1516 334 —>¹9...

209 426 305 469 illud
315 435 459 467 severe
489 423 652 473 notavit,
678 423 787 476 quod
805 423 993 472 animum.
1010 417 1091 464 non
1111 427 1350 476 reputantes
1377 423 1417 463 in
1446 434 1566 477 quam
1596 422 1765 479 figuram
1794 422 1978 475 corporis
2005 421 2152 464 cadere
2180 428 2328 476 posset,
2357 423 2533 466 cuiusvis

209 500 415 545 animantis
450 499 626 550 corpori,
662 499 782 539 etiam
812 497 1035 546 elementis,
1072 497 1184 537 velut
1215 497 1314 550 igni,
1351 499 1437 539 ueri
1470 497 1717 538 indidissent.
1777 496 1857 537 Sed
1893 496 2089 549 Epicurus
2127 496 2251 538 multo
2288 497 2422 538 acrior
2457 497 2534 537 nd-

208 574 412 616 versutius
444 572 577 613 etiam
598 572 849 613 coelestiumae
864 582 1081 623 corporum
1115 571 1374 622 divinitatem,
1412 584 1530 624 quam
1567 571 1642 623 ipsi
1677 570 1887 612 Aristoteli
1920 570 2020 610 vidit
2054 570 2169 610 valde
2191 571 2409 623 probatam
2441 583 2533 611 esse

208 647 370 689 sustulit
387 645 447 701 ἒ).
504 646 641 699 anue
669 647 710 687 in
741 647 972 687 universum
1000 645 1105 687 inter
1130 644 1347 697 Epicurum
1384 650 1426 686 et
1454 644 1709 687 Aristotelem
1737 656 1880 698 magna
1908 643 1983 685 fuit
2009 643 2298 694 dissimilitudo,
2325 645 2432 697 quod
2465 644 2533 685 ille

209 722 258 763 ad
295 719 438 761 mentis
474 720 570 771 vim,
608 730 710 772 quae
747 720 927 761 cernitur
963 719 1004 759 in
1042 729 1214 770 corpore
1251 717 1437 769 humano,
1477 718 1541 758 hic
1579 717 1630 758 ad
1668 729 1758 758 eam
1798 717 1892 768 vim,
1931 729 2034 770 quae
2070 718 2112 757 in
2151 717 2391 759 coelestibus
2427 730 2534 759 con-

209 795 345 847 spicue
381 798 458 844 est,
496 805 642 834 numen
681 804 911 845 supremum
949 792 1080 832 animo
1118 804 1193 833 suo
1229 791 1447 833 informare
1484 790 1621 833 maluit
1642 789 1702 844 2).
1760 790 1840 832 Sed
1878 791 1977 831 haec
2014 790 2173 843 quidem
2207 790 2258 830 de
2291 802 2432 831 seusus
2465 792 2533 832 vi-

209 877 334 921 gore,
373 865 442 918 qui
470 865 645 907 omnium
682 865 936 907 animantium
974 864 1194 905 communis
1232 869 1320 918 est,
1357 864 1567 913 hactenus;
1605 863 1682 904 iam
1719 862 2001 918 inquirendum
2039 864 2116 905 erit
2152 863 2309 917 qualem
2338 862 2531 916 Epicurus

209 940 338 993 nostri
375 939 494 979 animi
529 944 733 990 naturam,
771 938 1004 992 qualemque
1041 940 1127 978 eius
1167 950 1256 997 cum
1297 950 1469 992 corpore
1505 938 1826 978 coniunctionem
1864 939 2128 978 constituerit.

381 1012 496 1061 Quod
548 1024 668 1064 supra
715 1012 821 1062 dixi,
869 1012 1065 1064 Epicurus
1106 1022 1196 1051 cum
1250 1012 1518 1063 Peripateticis
1570 1012 1669 1052 illud
1725 1012 1894 1051 maxime
1950 1012 2087 1051 habuit
2134 1023 2344 1051 commune
2364 1041 2376 1062 ,
2426 1012 2532 1065 quod

210 1088 380 1127 animum
429 1098 520 1125 cum
566 1098 738 1137 corpore
783 1086 942 1125 vinculo
990 1086 1235 1125 consociavit
1279 1086 1490 1125 artissimo.
1557 1086 1611 1126 At
1658 1086 1763 1125 cavit
1799 1090 1956 1132 tamen,
2006 1097 2057 1125 ne
2104 1090 2315 1138 utramque
2353 1090 2531 1129 naturam

211 1161 326 1212 plane
375 1159 659 1206 confunderet;
707 1171 795 1197 nam
844 1165 889 1197 ut
935 1160 1102 1197 animam
1142 1170 1164 1197 a
1201 1169 1394 1209 corpore,
1439 1160 1493 1198 ita
1531 1159 1580 1198 ab
1617 1160 1746 1198 anima
1794 1159 1878 1210 ipsa
1917 1158 2095 1199 distinxit
2143 1164 2316 1198 mentem
2366 1168 2531 1211 eamque

211 1240 252 1273 et
296 1232 392 1272 sede
431 1237 473 1271 et
518 1232 702 1272 facultate
740 1233 787 1271 ab
826 1232 891 1271 illa
929 1232 1140 1271 diversam.
1200 1231 1401 1284 Diogenes
1438 1231 1621 1272 Laertius
1660 1230 1695 1271 Χ
1728 1231 1813 1271 66:
1873 1229 1946 1270 καί
1995 1231 2045 1270 ω’
2084 1229 2161 1281 μὲν
2208 1228 2338 1283 αὐτῆς
2386 1228 2534 1283 ἄλογον

213 1300 346 1357 εἶναι,
397 1301 420 1345 ὃ
459 1306 515 1360 τῷ
566 1305 694 1360 λοιπῷ
732 1304 977 1359 παρεσπάρη
1027 1303 1223 1356 σώματι·
1281 1304 1328 1344 τῦ
1377 1303 1421 1345 δὲ
1469 1303 1664 1358 λογικόν,
1711 1301 1734 1344 ὃ
1785 1304 1828 1344 ἐν
1866 1305 1922 1359 τῷ
1969 1302 2153 1357 θώρακι.
2217 1306 2327 1344 Hanc
2365 1316 2534 1345 accura-

211 1380 353 1429 tiorem
405 1380 573 1431 partium
620 1379 909 1420 distinctionem
957 1379 1153 1431 Epicurus
1199 1384 1419 1420 atomorum
1476 1379 1680 1420 doctrinae
1733 1378 1969 1431 applicavit,
2018 1367 2215 1429 prorsus,
2268 1383 2312 1418 ut
2360 1377 2534 1428 videtur,

212 1452 454 1507 incognitam
491 1452 596 1493 illam
633 1452 883 1504 Democrito,
923 1452 1004 1505 qui,
1037 1457 1088 1510 ‘ut
1114 1452 1352 1494 Aristoteles
1390 1452 1547 1506 quidem
1585 1451 1873 1504 animadvertit,
1913 1452 2082 1493 animam
2122 1451 2374 1504 animumque
2412 1463 2535 1493 unum

211 1526 395 1578 idemque
434 1530 525 1567 esse
565 1526 804 1567 existimavit
829 1526 886 1580 ³).
947 1525 1103 1566 lnduxit
1145 1526 1268 1580 igitur
1304 1526 1500 1578 Epicurus
1547 1527 1666 1567 animi
1703 1526 1816 1579 quasi
1862 1526 2058 1578 quendam
2105 1525 2386 1577 principatum.
2446 1525 2534 1574 Qua

212 1612 259 1640 re
298 1607 460 1652 apparet
508 1613 598 1640 eum
647 1612 670 1639 a
708 1600 882 1640 Socratis
921 1600 1056 1639 schola
1103 1610 1182 1639 non
1226 1600 1342 1651 plane
1379 1600 1574 1641 defecisse
1623 1612 1780 1652 unaque
1832 1611 1921 1639 cum
1970 1599 2155 1639 Stratone
2208 1599 2371 1650 propius
2418 1610 2535 1650 quam

213 1672 501 1713 Dicaearchum
551 1679 591 1713 et
633 1673 919 1713 Aristoxenum
966 1672 1111 1713 afuisse
1149 1672 1197 1712 ab
1237 1673 1464 1714 Aristotele.
1532 1673 1582 1715 Et
1636 1673 1730 1714 licet
1779 1672 1972 1724 suspicari
2018 1672 2147 1724 ipsum
2185 1671 2402 1724 Epicurum
2450 1672 2535 1712 sive

214 1746 428 1798 discipulos
467 1746 659 1787 adversus
699 1746 800 1787 duos
838 1747 937 1787 istos
977 1747 1258 1798 Peripateticos
1297 1747 1346 1787 de
1382 1748 1455 1788 hac
1494 1747 1578 1802 ipsa
1629 1747 1822 1788 sententia
1862 1746 2022 1798 scriptis
2063 1745 2330 1787 contendisse.
2389 1744 2537 1786 Cuius-

212 1819 319 1860 modi
358 1819 624 1859 contentionis
659 1820 828 1872 vestigia
866 1824 1001 1859 extant
1037 1819 1272 1860 certissima⁴
1293 1820 1332 1860 in
1371 1820 1634 1873 disputatione
1667 1820 1919 1871 Lucretiana,
1958 1831 2060 1871 quae
2093 1819 2241 1873 legitur
2275 1820 2316 1858 in
2350 1818 2451 1859 libro
2481 1818 2536 1859 ΙΙΙ

215 1891 426 1935 94-136.
485 1892 694 1933 Lucretius
734 1892 956 1945 disputandi
994 1892 1043 1933 de
1083 1893 1209 1932 anima
1246 1893 1399 1933 initium
1437 1894 1555 1935 sumit
1593 1894 1640 1934 ab
1679 1893 1882 1934 harmonia
1921 1892 2009 1941 illa,
2049 1904 2152 1945 quae
2190 1893 2385 1933 sententia
2420 1893 2536 1933 Peri-

214 1965 394 2018 pateticis
433 1965 519 2006 istis
559 1967 728 2007 maxime
767 1965 840 2007 suit
878 1966 1054 2019 probata.
1120 1966 1315 2007 Nimirum
1351 1979 1421 2020 par
1469 1974 1553 2019 est,
1599 1974 1805 2020 antequam
1845 1978 1956 2009 suam
1995 1967 2045 2007 de
2094 1966 2223 2006 animo
2263 1971 2399 2007 nostro
2438 1978 2536 2007 sen·

215 2038 374 2079 tentiam
414 2038 615 2090 proferat,
664 2051 735 2079 eos
774 2039 1045 2094 redarguere,
1084 2041 1152 2092 qui
1198 2051 1289 2079 esse
1328 2041 1497 2081 animum
1537 2042 1695 2082 omnino
1736 2046 1945 2095 negarunt.
2013 2040 2179 2081 Omnem
2227 2046 2357 2081 autem
2395 2040 2535 2093 dispu-

216 2112 401 2153 tationem
438 2112 492 2153 ita
528 2113 718 2163 instituit,
767 2120 810 2154 ut
847 2115 1018 2154 animum
1058 2113 1121 2153 vel
1160 2121 1328 2157 mentem
1366 2114 1533 2157 hominis
1571 2128 1661 2157 esse
1699 2121 1853 2169 partem
1892 2127 2057 2168 eamque
2096 2120 2206 2155 certa
2245 2114 2285 2154 in
2325 2114 2421 2155 sede
2459 2127 2535 2167 po-

220 2186 334 2226 sitam
370 2186 629 2228 demonstret.
670 2187 736 2227 >Et
770 2187 939 2240 primum
972 2187 1131 2239 quidem
1163 2187 1276 2239 illud,
1313 2200 1391 2240 quo
1420 2189 1506 2240 ipse
1544 2203 1641 2232 usus
1670 2196 1732 2233 est
1760 2189 2013 2239 Aristoteles,
2048 2194 2329 2242 argumentum
2368 2187 2535 2240 profert,

214 2259 458 2300 harmoniam
496 2260 545 2300 ad
572 2261 753 2313 corporis
783 2260 1064 2311 valetudinem,
1102 2273 1181 2302 non
1221 2260 1270 2301 ad
1307 2261 1477 2302 animum
1515 2275 1634 2315 posse
1662 2262 1808 2304 referri
1822 2260 1884 2316 4).
1943 2261 2071 2303 Affert
2099 2262 2225 2315 igitur
2254 2259 2393 2301 eodem
2428 2267 2535 2301 tem-

216 2344 314 2385 pore
352 2333 457 2374 aliud
495 2346 667 2386 corpore
704 2333 809 2375 aliud
848 2334 975 2375 animo
1025 2347 1143 2386 posse
1190 2334 1328 2376 sentiri
1380 2341 1420 2376 et
1459 2337 1631 2377 animum
1678 2336 1837 2389 quidem
1883 2335 2080 2375 interdum
2125 2334 2265 2374 laetari
2302 2339 2343 2374 et
2379 2333 2535 2384 dolere,

218 2405 496 2458 dum-corpus
534 2418 700 2458 prorsus
736 2407 895 2447 diversa
934 2407 1078 2448 sentiat
1116 2412 1182 2447 aut
1221 2408 1328 2448 omni
1368 2420 1489 2449 sensu
1528 2417 1663 2450 careat
1687 2407 1742 2464 ⁵).
1802 2408 1975 2458 Deinde,
2017 2407 2123 2460 quod
2152 2405 2440 2447 Dicaearchum
2470 2409 2537 2448 vi-

218 2478 345 2519 dimus
396 2479 602 2531 statuisse,
640 2479 718 2520 vim
757 2491 914 2520 omnem
952 2485 992 2522 et
1032 2479 1176 2534 agendi
1214 2485 1254 2521 et
1302 2481 1497 2523 sentiendi
1543 2483 1583 2523 in
1622 2483 1802 2524 omnibus
1841 2481 2077 2534 corporibus
2120 2480 2223 2521 vivis
2257 2476 2537 2533 aequabiliter

222 2564 313 2593 esse
351 2552 491 2604 fusam,
530 2553 569 2593 id
607 2554 733 2606 ipsum
753 2553 931 2605 refutat,
971 2566 1061 2594 cum
1099 2566 1216 2594 unam
1256 2561 1404 2607 partem
1443 2556 1492 2597 ad
1522 2557 1626 2598 vitae
1660 2557 1825 2598 salutem
1856 2556 2039 2609 designet
2068 2566 2159 2595 esse
2189 2554 2396 2606 potiorem,
2435 2565 2537 2606 quae

218 2637 360 2679 magna
400 2627 526 2693 etiam⁸
551 2627 733 2679 corporis
773 2633 884 2679 parte
922 2627 1094 2668 lacerata
1133 2628 1252 2669 vitam
1284 2628 1324 2668 in
1364 2630 1551 2672 membris
1589 2631 1758 2673 retineat
1797 2636 1835 2672 et
1873 2628 1972 2680 sola,
2011 2628 2045 2669 si
2084 2626 2259 2678 tollatur,
2299 2639 2456 2668 omnem
2486 2640 2539 2669 ex

218 2705 301 2740 toto
339 2712 511 2753 corpore
549 2712 709 2741 sensum
747 2700 899 2742 auferat
921 2701 980 2756 ⁶).
1038 2703 1217 2755 Denique
1255 2702 1370 2744 simili
1408 2704 1525 2746 modo
1564 2717 1611 2745 ac
1640 2704 1825 2748 Socrates
1870 2702 1972 2754 apud
2011 2701 2215 2743 Platonem
2251 2700 2539 2755 Pythagoreos,

222 2772 330 2826 quod
369 2774 527 2815 nomine
565 2780 727 2817 utantur
764 2775 1004 2828 harmoniae,
1045 2775 1184 2818 irridet
1206 2774 1264 2830 ⁷).

377 2931 404 2973 ²)
425 2932 527 2975 Diog.
547 2932 587 2966 L.
605 2932 639 2966 X
659 2931 716 2967 76.
742 2931 799 2967 77.
822 2931 915 2975 [adn.
936 2931 1128 2967 Casaubon.
1147 2943 1202 2978 ap.
1225 2930 1403 2976 Meibom.]
1424 2932 1481 2969 78.
1504 2932 1563 2969 81.
1579 2932 1638 2969 97.
1661 2932 1743 2968 113.
1774 2951 1819 2959 —-
1847 2932 1874 2978 ²)
1891 2933 1983 2970 Sext.
1998 2935 2098 2979 Emp.
2113 2934 2189 2969 adv.
2203 2933 2310 2969 math.
2329 2933 2382 2969 Π
2402 2933 2459 2970 20.
2474 2935 2540 2970 vid.

374 2993 558 3024 Krische.l.
569 2994 592 3024 1.
609 3004 642 3034 p.
655 2993 729 3026 302
745 3004 793 3035 sq.
809 2994 920 3025 Zeller
934 2994 956 3024 l.
974 2994 996 3023 1.
1011 2993 1049 3024 11
1064 2993 1136 3026 555
1153 3004 1202 3035 sq.
1212 3010 1261 3017 —
1279 2992 1312 3035 ³)
1328 2994 1434 3026 Arist.
1447 2996 1489 3027 de
1502 3005 1555 3027 an.
1569 2995 1587 3026 1
1606 2994 1639 3034 2,
1654 2993 1689 3026 5.
1706 2994 1783 3026 Vid.
1795 2994 2019 3028 Trendelenb.
2034 3004 2154 3027 comm.
2173 2994 2342 3027 Mullach.
2356 2994 2544 3027 Democriti

372 3050 494 3091 fragm.
508 3062 543 3092 p.
559 3052 646 3084 397.
661 3053 898 3092 Wyttenbach.
914 3062 1030 3093 opusc.
1046 3053 1066 3083 Ι
1080 3052 1152 3084 216
1166 3053 1221 3093 (de
1236 3054 1311 3085 loco
1324 3054 1501 3085 Plutarchi
1513 3056 1546 3085 in
1560 3055 1648 3096 plac.
1664 3055 1748 3096 phil.
1764 3055 1817 3086 IV
1830 3054 1931 3096 3).-
1949 3051 1979 3094 ¹⁴)
1991 3055 2126 3086 Lueret.
2142 3054 2200 3086 111
2217 3054 2300 3087 102.
2310 3054 2417 3086 Arist.
2433 3055 2474 3085 de
2484 3064 2542 3086 au.

373 3109 393 3141 Ῑ
419 3105 455 3151 4,
482 3106 522 3143 4:
577 3109 729 3155 ἁρμόζει
747 3109 797 3145 ’δὲ
822 3111 961 3155 μᾶλλον
992 3111 1074 3143 καθ’
1108 3110 1250 3156 ὑγιείαν
1284 3113 1404 3156 λέγειν
1430 3112 1630 3157 ἁρμονίαν,
1666 3115 1725 3145 καὶ
1753 3110 1842 3149 ὅλως
1878 3117 1947 3145 τῶν
1972 3116 2188 3158 σωματικῶν
2214 3113 2371 3156 αἱρετῶν,
2406 3109 2428 3152 η’
2453 3114 2543 3144 κατὰ

374 3170 500 3212 ψυχῆς.
530 3186 577 3191 -
607 3169 638 3211 ⁵)
666 3170 798 3204 Lucret.
826 3181 857 3204 v.
889 3169 970 3203 113.
999 3187 1045 3194 —
1075 3164 1108 3214 ο)
1135 3171 1188 3205 Ib.
1220 3167 1303 3205 124.
1354 3172 1470 3205 Facile
1493 3173 1565 3215 quis
1592 3172 1657 3205 hoc
1683 3172 1758 3206 loco
1784 3173 1894 3206 induci
1920 3179 2031 3215 potest
2056 3179 2094 3207 ut
2119 3174 2234 3206 credat
2258 3172 2452 3205 Lucretium
2479 3173 2542 3205 soli

380 3229 511 3261 animae
538 3231 604 3262 vim
630 3230 764 3262 vitalem
791 3231 949 3263 tribuere.
993 3229 1052 3271 At,
1079 3231 1167 3273 quod
1193 3230 1282 3264 infra
1307 3231 1504 3275 videbimus,
1530 3233 1620 3266 venti
1645 3233 1809 3275 calidique
1835 3234 1970 3276 vaporis
2003 3233 2086 3276 fuga
2120 3238 2260 3267 mortem
2293 3241 2361 3264 non
2395 3232 2541 3273 adducit,

375 3287 438 3317 nisi
461 3294 537 3320 ante
556 3291 676 3328 mentis
693 3291 743 3321 vis
766 3295 817 3321 est
839 3290 1074 3322 collabefacta.
1103 3290 1158 3323 Cf.
1173 3300 1222 3323 vs.
1241 3291 1314 3324 397
1344 3301 1414 3334 sqq.
1436 3308 1484 3315 —-
1504 3291 1536 3336 7)
1555 3292 1645 3325 Plat.
1659 3292 1790 3326 Phaed.
1810 3303 1843 3336 p.
1856 3292 1903 3328 95
1914 3293 1956 3327 Β.
1980 3292 2228 3328 Cs.Steinhart.
2239 3291 2318 3325 adn.
2336 3286 2383 3324 41
2401 3301 2435 3334 p.
2453 3291 2540 3326 575.
