<?xml version="1.0" encoding="UTF-8"?>
<!DOCTYPE html PUBLIC "-//W3C//DTD XHTML 1.0 Transitional//EN"
    "http://www.w3.org/TR/xhtml1/DTD/xhtml1-transitional.dtd">
<html xmlns="http://www.w3.org/1999/xhtml" xml:lang="en" lang="en">
 <head>
  <title>
</title>
<meta http-equiv="Content-Type" content="text/html;charset=utf-8" />
  <meta name='ocr-system' content='tesseract 3.04.00' />
  <meta name='ocr-capabilities' content='ocr_page ocr_carea ocr_par ocr_line ocrx_word'/>
</head>
<body>
  <div class='ocr_page' id='page_1' title='image "4770472_0037.png"; bbox 0 0 2744 3711; ppageno 0'>
   <div class='ocr_carea' id='block_1_1' title="bbox 1238 281 1521 323">
    <p class='ocr_par' dir='ltr' id='par_1_1' title="bbox 1238 281 1521 323">
     <span class='ocr_line' id='line_1_1' title="bbox 1238 281 1521 323; baseline -0.004 -9"><span class='ocrx_word' id='word_1_1' title='bbox 1238 281 1521 323; x_wconf 78' lang='lat'>-31—</span> 
     </span>
    </p>
   </div>
   <div class='ocr_carea' id='block_1_2' title="bbox 217 411 2540 2454">
    <p class='ocr_par' dir='ltr' id='par_1_2' title="bbox 217 411 2540 2454">
     <span class='ocr_line' id='line_1_2' title="bbox 220 411 2540 468; baseline -0.001 -11"><span class='ocrx_word' id='word_1_2' title='bbox 220 423 463 468; x_wconf 78' lang='lat' dir='ltr'>omnemque</span> <span class='ocrx_word' id='word_1_3' title='bbox 477 413 711 468; x_wconf 74' lang='lat' dir='ltr'>religionem</span> <span class='ocrx_word' id='word_1_4' title='bbox 731 413 964 465; x_wconf 74' lang='lat' dir='ltr'>irridebant,</span> <span class='ocrx_word' id='word_1_5' title='bbox 981 413 1060 465; x_wconf 77' lang='lat' dir='ltr'>alii,</span> <span class='ocrx_word' id='word_1_6' title='bbox 1078 426 1170 455; x_wconf 76' lang='lat' dir='ltr'>eom</span> <span class='ocrx_word' id='word_1_7' title='bbox 1188 413 1288 455; x_wconf 85' lang='lat' dir='ltr'>deos</span> <span class='ocrx_word' id='word_1_8' title='bbox 1308 418 1532 455; x_wconf 71' lang='lat' dir='ltr'>metuerent</span> <span class='ocrx_word' id='word_1_9' title='bbox 1549 412 1660 454; x_wconf 81' lang='lat' dir='ltr'>velut</span> <span class='ocrx_word' id='word_1_10' title='bbox 1675 425 1813 454; x_wconf 88' lang='lat' dir='ltr'>rerum</span> <span class='ocrx_word' id='word_1_11' title='bbox 1831 411 2014 454; x_wconf 69' lang='lat' dir='ltr'>dominos</span> <span class='ocrx_word' id='word_1_12' title='bbox 2032 412 2322 463; x_wconf 66' lang='lat' dir='ltr'>acerbissimos,</span> <span class='ocrx_word' id='word_1_13' title='bbox 2352 412 2403 453; x_wconf 84' lang='lat' dir='ltr'>ad</span> <span class='ocrx_word' id='word_1_14' title='bbox 2421 421 2540 454; x_wconf 63' lang='lat' dir='ltr'>uano</span> 
     </span>
     <span class='ocr_line' id='line_1_3' title="bbox 220 485 2540 542; baseline -0.001 -12"><span class='ocrx_word' id='word_1_15' title='bbox 220 487 515 542; x_wconf 67' lang='lat' dir='ltr'>superstitionis</span> <span class='ocrx_word' id='word_1_16' title='bbox 540 498 673 542; x_wconf 76' lang='lat' dir='ltr'>genus</span> <span class='ocrx_word' id='word_1_17' title='bbox 703 486 998 541; x_wconf 72' lang='lat' dir='ltr'>confugiebant.</span> <span class='ocrx_word' id='word_1_18' title='bbox 1055 487 1154 529; x_wconf 77' lang='lat' dir='ltr'>Turn</span> <span class='ocrx_word' id='word_1_19' title='bbox 1183 494 1227 529; x_wconf 85' lang='lat' dir='ltr'>et</span> <span class='ocrx_word' id='word_1_20' title='bbox 1253 487 1329 539; x_wconf 86' lang='lat' dir='ltr'>ipsi</span> <span class='ocrx_word' id='word_1_21' title='bbox 1352 485 1576 539; x_wconf 71' lang='lat' dir='ltr'><strong>philosophi</strong></span> <span class='ocrx_word' id='word_1_22' title='bbox 1613 498 1690 527; x_wconf 74' lang='lat' dir='ltr'>nee</span> <span class='ocrx_word' id='word_1_23' title='bbox 1726 487 1837 527; x_wconf 86' lang='lat' dir='ltr'>solus</span> <span class='ocrx_word' id='word_1_24' title='bbox 1866 485 2062 539; x_wconf 67' lang='lat' dir='ltr'>Epicurus</span> <span class='ocrx_word' id='word_1_25' title='bbox 2089 487 2163 527; x_wconf 79' lang='lat' dir='ltr'>sed</span> <span class='ocrx_word' id='word_1_26' title='bbox 2187 492 2232 528; x_wconf 75' lang='lat' dir='ltr'>et</span> <span class='ocrx_word' id='word_1_27' title='bbox 2258 486 2409 537; x_wconf 77' lang='lat' dir='ltr'>ceteri,</span> <span class='ocrx_word' id='word_1_28' title='bbox 2446 497 2540 527; x_wconf 67' lang='lat' dir='ltr'>cu·</span> 
     </span>
     <span class='ocr_line' id='line_1_4' title="bbox 219 558 2539 614; baseline -0.002 -9"><span class='ocrx_word' id='word_1_29' title='bbox 219 560 398 605; x_wconf 65' lang='lat' dir='ltr'>Socratis</span> <span class='ocrx_word' id='word_1_30' title='bbox 423 565 466 603; x_wconf 81' lang='lat' dir='ltr'>ot</span> <span class='ocrx_word' id='word_1_31' title='bbox 486 559 658 603; x_wconf 68' lang='lat' dir='ltr'>Platonis</span> <span class='ocrx_word' id='word_1_32' title='bbox 676 559 727 602; x_wconf 84' lang='lat' dir='ltr'>de</span> <span class='ocrx_word' id='word_1_33' title='bbox 746 560 908 602; x_wconf 68' lang='lat' dir='ltr'>not-&#39;ne</span> <span class='ocrx_word' id='word_1_34' title='bbox 926 558 1064 603; x_wconf 80' lang='lat' dir='ltr'>divino</span> <span class='ocrx_word' id='word_1_35' title='bbox 1081 559 1210 614; x_wconf 76' lang='lat' dir='ltr'>dequo</span> <span class='ocrx_word' id='word_1_36' title='bbox 1228 559 1519 601; x_wconf 69' lang='lat' dir='ltr'>irnnorfflitate</span> <span class='ocrx_word' id='word_1_37' title='bbox 1547 560 1764 602; x_wconf 74' lang='lat' dir='ltr'>sententias</span> <span class='ocrx_word' id='word_1_38' title='bbox 1793 559 1956 602; x_wconf 74' lang='lat' dir='ltr'>altiores</span> <span class='ocrx_word' id='word_1_39' title='bbox 1982 564 2024 601; x_wconf 83' lang='lat' dir='ltr'>et</span> <span class='ocrx_word' id='word_1_40' title='bbox 2040 560 2228 601; x_wconf 72' lang='lat' dir='ltr'>meliores</span> <span class='ocrx_word' id='word_1_41' title='bbox 2245 560 2430 602; x_wconf 77' lang='lat' dir='ltr'>obtinere</span> <span class='ocrx_word' id='word_1_42' title='bbox 2457 572 2539 600; x_wconf 82' lang='lat' dir='ltr'>non</span> 
     </span>
     <span class='ocr_line' id='line_1_5' title="bbox 219 633 2538 697; baseline -0 -20"><span class='ocrx_word' id='word_1_43' title='bbox 219 634 463 690; x_wconf 70' lang='lat' dir='ltr'>potuissent,</span> <span class='ocrx_word' id='word_1_44' title='bbox 492 633 541 675; x_wconf 78' lang='lat' dir='ltr'>ad</span> <span class='ocrx_word' id='word_1_45' title='bbox 570 633 774 676; x_wconf 84' lang='lat' dir='ltr'>hominum</span> <span class='ocrx_word' id='word_1_46' title='bbox 801 633 1008 688; x_wconf 70' lang='lat' dir='ltr'>opiniones</span> <span class='ocrx_word' id='word_1_47' title='bbox 1036 633 1262 697; x_wconf 76' lang='lat' dir='ltr'>deteriores</span> <span class='ocrx_word' id='word_1_48' title='bbox 1289 633 1536 676; x_wconf 73' lang='lat' dir='ltr'>descmderc</span> <span class='ocrx_word' id='word_1_49' title='bbox 1565 633 1877 687; x_wconf 64' lang='lat' dir='ltr'>philosophando</span> <span class='ocrx_word' id='word_1_50' title='bbox 1906 640 2137 687; x_wconf 73' lang='lat' dir='ltr'>coeperunt.</span> <span class='ocrx_word' id='word_1_51' title='bbox 2167 633 2264 675; x_wconf 78' lang='lat' dir='ltr'>Tum</span> <span class='ocrx_word' id='word_1_52' title='bbox 2293 634 2538 687; x_wconf 56' lang='lat' dir='ltr'>smine:</span> 
     </span>
     <span class='ocr_line' id='line_1_6' title="bbox 220 707 2539 762; baseline -0.001 -10"><span class='ocrx_word' id='word_1_53' title='bbox 220 715 262 752; x_wconf 87' lang='lat' dir='ltr'>et</span> <span class='ocrx_word' id='word_1_54' title='bbox 290 708 579 751; x_wconf 76' lang='lat' dir='ltr'>Chalcedonius</span> <span class='ocrx_word' id='word_1_55' title='bbox 607 708 687 759; x_wconf 87' lang='lat' dir='ltr'>ille,</span> <span class='ocrx_word' id='word_1_56' title='bbox 718 720 835 762; x_wconf 89' lang='lat' dir='ltr'>quem</span> <span class='ocrx_word' id='word_1_57' title='bbox 854 708 1050 761; x_wconf 85' lang='lat' dir='ltr'>Epicurus</span> <span class='ocrx_word' id='word_1_58' title='bbox 1078 708 1396 751; x_wconf 83' lang='lat' dir='ltr'>adolescentulus</span> <span class='ocrx_word' id='word_1_59' title='bbox 1413 708 1582 750; x_wconf 81' lang='lat' dir='ltr'>Athenis</span> <span class='ocrx_word' id='word_1_60' title='bbox 1611 708 1773 749; x_wconf 85' lang='lat' dir='ltr'>audisse</span> <span class='ocrx_word' id='word_1_61' title='bbox 1797 708 1940 760; x_wconf 71' lang='lat' dir='ltr'>fertur,</span> <span class='ocrx_word' id='word_1_62' title='bbox 1967 707 2229 756; x_wconf 74' lang='lat' dir='ltr'>Xenocrates,</span> <span class='ocrx_word' id='word_1_63' title='bbox 2258 714 2426 760; x_wconf 78' lang='lat' dir='ltr'>uterque</span> <span class='ocrx_word' id='word_1_64' title='bbox 2445 708 2539 750; x_wconf 81' lang='lat' dir='ltr'>Pla-</span> 
     </span>
     <span class='ocr_line' id='line_1_7' title="bbox 221 779 2537 836; baseline -0.001 -12"><span class='ocrx_word' id='word_1_65' title='bbox 221 782 327 825; x_wconf 85' lang='lat' dir='ltr'>tonis</span> <span class='ocrx_word' id='word_1_66' title='bbox 357 780 573 835; x_wconf 87' lang='lat' dir='ltr'>discipulus</span> <span class='ocrx_word' id='word_1_67' title='bbox 602 787 644 824; x_wconf 88' lang='lat' dir='ltr'>et</span> <span class='ocrx_word' id='word_1_68' title='bbox 672 781 910 824; x_wconf 79' lang='lat' dir='ltr'>Academiae</span> <span class='ocrx_word' id='word_1_69' title='bbox 937 781 1149 835; x_wconf 84' lang='lat' dir='ltr'>princeps,</span> <span class='ocrx_word' id='word_1_70' title='bbox 1189 781 1372 836; x_wconf 71' lang='lat' dir='ltr'>magistri</span> <span class='ocrx_word' id='word_1_71' title='bbox 1399 780 1619 824; x_wconf 72' lang='lat' dir='ltr'>doctrinm</span> <span class='ocrx_word' id='word_1_72' title='bbox 1647 780 1938 834; x_wconf 81' lang='lat' dir='ltr'>depravarunt,</span> <span class='ocrx_word' id='word_1_73' title='bbox 1980 793 2074 823; x_wconf 80' lang='lat' dir='ltr'>eam</span> <span class='ocrx_word' id='word_1_74' title='bbox 2101 779 2220 823; x_wconf 84' lang='lat' dir='ltr'>etiam</span> <span class='ocrx_word' id='word_1_75' title='bbox 2257 781 2406 822; x_wconf 85' lang='lat' dir='ltr'>animae</span> <span class='ocrx_word' id='word_1_76' title='bbox 2434 781 2537 834; x_wconf 79' lang='lat' dir='ltr'>parti</span> 
     </span>
     <span class='ocr_line' id='line_1_8' title="bbox 221 853 2536 909; baseline -0.001 -10"><span class='ocrx_word' id='word_1_77' title='bbox 221 855 416 899; x_wconf 85' lang='lat' dir='ltr'>deteriori</span> <span class='ocrx_word' id='word_1_78' title='bbox 446 861 486 898; x_wconf 88' lang='lat' dir='ltr'>et</span> <span class='ocrx_word' id='word_1_79' title='bbox 515 855 682 898; x_wconf 85' lang='lat' dir='ltr'>rationis</span> <span class='ocrx_word' id='word_1_80' title='bbox 707 856 864 909; x_wconf 86' lang='lat' dir='ltr'>experti</span> <span class='ocrx_word' id='word_1_81' title='bbox 891 854 1220 899; x_wconf 83' lang='lat' dir='ltr'>immortalitatem</span> <span class='ocrx_word' id='word_1_82' title='bbox 1249 854 1497 898; x_wconf 82' lang='lat' dir='ltr'>vindicarent</span> <span class='ocrx_word' id='word_1_83' title='bbox 1521 854 1576 909; x_wconf 88' lang='lat'>¹).</span> <span class='ocrx_word' id='word_1_84' title='bbox 1607 854 1791 908; x_wconf 85' lang='lat' dir='ltr'>lnprimis</span> <span class='ocrx_word' id='word_1_85' title='bbox 1820 867 1919 898; x_wconf 84' lang='lat' dir='ltr'>vero</span> <span class='ocrx_word' id='word_1_86' title='bbox 1950 854 2135 897; x_wconf 83' lang='lat' dir='ltr'>Ponticus</span> <span class='ocrx_word' id='word_1_87' title='bbox 2163 853 2230 896; x_wconf 86' lang='lat' dir='ltr'>ille</span> <span class='ocrx_word' id='word_1_88' title='bbox 2258 855 2536 898; x_wconf 84' lang='lat' dir='ltr'>memorandus</span> 
     </span>
     <span class='ocr_line' id='line_1_9' title="bbox 221 927 2536 985; baseline -0.001 -13"><span class='ocrx_word' id='word_1_89' title='bbox 221 934 284 973; x_wconf 85' lang='lat' dir='ltr'>est</span> <span class='ocrx_word' id='word_1_90' title='bbox 315 927 565 980; x_wconf 76' lang='lat' dir='ltr'>Heraclides,</span> <span class='ocrx_word' id='word_1_91' title='bbox 607 928 675 982; x_wconf 86' lang='lat' dir='ltr'>qui</span> <span class='ocrx_word' id='word_1_92' title='bbox 704 929 899 982; x_wconf 81' lang='lat' dir='ltr'>pessimae</span> <span class='ocrx_word' id='word_1_93' title='bbox 927 928 1198 985; x_wconf 74' lang='lat' dir='ltr'>superstitioni</span> <span class='ocrx_word' id='word_1_94' title='bbox 1227 927 1326 971; x_wconf 80' lang='lat' dir='ltr'>adeo</span> <span class='ocrx_word' id='word_1_95' title='bbox 1356 927 1428 971; x_wconf 75' lang='lat' dir='ltr'>fuit</span> <span class='ocrx_word' id='word_1_96' title='bbox 1455 927 1637 980; x_wconf 81' lang='lat' dir='ltr'>deditus,</span> <span class='ocrx_word' id='word_1_97' title='bbox 1679 934 1722 970; x_wconf 84' lang='lat' dir='ltr'>ut</span> <span class='ocrx_word' id='word_1_98' title='bbox 1751 942 1800 971; x_wconf 80' lang='lat' dir='ltr'>ea</span> <span class='ocrx_word' id='word_1_99' title='bbox 1827 942 1874 971; x_wconf 84' lang='lat' dir='ltr'>ro</span> <span class='ocrx_word' id='word_1_100' title='bbox 1904 928 2092 971; x_wconf 81' lang='lat' dir='ltr'>maiorem</span> <span class='ocrx_word' id='word_1_101' title='bbox 2119 942 2236 981; x_wconf 86' lang='lat' dir='ltr'>quam</span> <span class='ocrx_word' id='word_1_102' title='bbox 2267 927 2536 981; x_wconf 71' lang='lat' dir='ltr'>philosophice</span> 
     </span>
     <span class='ocr_line' id='line_1_10' title="bbox 221 999 2536 1056; baseline -0.001 -12"><span class='ocrx_word' id='word_1_103' title='bbox 221 1001 363 1044; x_wconf 88' lang='lat' dir='ltr'>studiis</span> <span class='ocrx_word' id='word_1_104' title='bbox 397 1000 567 1044; x_wconf 87' lang='lat' dir='ltr'>nominis</span> <span class='ocrx_word' id='word_1_105' title='bbox 594 1000 735 1043; x_wconf 85' lang='lat' dir='ltr'>famam</span> <span class='ocrx_word' id='word_1_106' title='bbox 766 1002 956 1045; x_wconf 88' lang='lat' dir='ltr'>meruerit</span> <span class='ocrx_word' id='word_1_107' title='bbox 977 1000 1037 1056; x_wconf 79' lang='grc'>2).</span> <span class='ocrx_word' id='word_1_108' title='bbox 1073 1001 1196 1045; x_wconf 89' lang='lat' dir='ltr'>Cuius</span> <span class='ocrx_word' id='word_1_109' title='bbox 1223 1001 1458 1056; x_wconf 80' lang='lat' dir='ltr'>praestigias</span> <span class='ocrx_word' id='word_1_110' title='bbox 1487 1000 1592 1054; x_wconf 79' lang='lat' dir='ltr'>apud</span> <span class='ocrx_word' id='word_1_111' title='bbox 1621 1000 1842 1055; x_wconf 81' lang='lat' dir='ltr'>Diogenem</span> <span class='ocrx_word' id='word_1_112' title='bbox 1870 999 2070 1043; x_wconf 80' lang='lat' dir='ltr'>Laertium</span> <span class='ocrx_word' id='word_1_113' title='bbox 2100 1006 2282 1042; x_wconf 84' lang='lat' dir='ltr'>narratas</span> <span class='ocrx_word' id='word_1_114' title='bbox 2311 1001 2344 1042; x_wconf 84' lang='lat' dir='ltr'>si</span> <span class='ocrx_word' id='word_1_115' title='bbox 2374 1001 2536 1054; x_wconf 84' lang='lat' dir='ltr'>legeris,</span> 
     </span>
     <span class='ocr_line' id='line_1_11' title="bbox 221 1073 2536 1128; baseline 0 -12"><span class='ocrx_word' id='word_1_116' title='bbox 221 1073 336 1117; x_wconf 83' lang='lat' dir='ltr'>facile</span> <span class='ocrx_word' id='word_1_117' title='bbox 366 1073 406 1116; x_wconf 89' lang='lat' dir='ltr'>id</span> <span class='ocrx_word' id='word_1_118' title='bbox 435 1073 542 1127; x_wconf 85' lang='lat' dir='ltr'>quod</span> <span class='ocrx_word' id='word_1_119' title='bbox 569 1079 757 1117; x_wconf 88' lang='lat' dir='ltr'>notarunt</span> <span class='ocrx_word' id='word_1_120' title='bbox 785 1073 994 1127; x_wconf 83' lang='lat' dir='ltr'>Epicurei,</span> <span class='ocrx_word' id='word_1_121' title='bbox 1037 1075 1203 1127; x_wconf 89' lang='lat' dir='ltr'>credas,</span> <span class='ocrx_word' id='word_1_122' title='bbox 1234 1073 1375 1117; x_wconf 79' lang='lat' dir='ltr'>sabulis</span> <span class='ocrx_word' id='word_1_123' title='bbox 1402 1087 1496 1116; x_wconf 89' lang='lat' dir='ltr'>eum</span> <span class='ocrx_word' id='word_1_124' title='bbox 1525 1074 1649 1116; x_wconf 89' lang='lat' dir='ltr'>libros</span> <span class='ocrx_word' id='word_1_125' title='bbox 1679 1074 1890 1117; x_wconf 77' lang='lat' dir='ltr'>refersisse</span> <span class='ocrx_word' id='word_1_126' title='bbox 1918 1074 2136 1127; x_wconf 78' lang='lat' dir='ltr'>puerilibus</span> <span class='ocrx_word' id='word_1_127' title='bbox 2159 1073 2219 1128; x_wconf 78' lang='lat'>³).</span> <span class='ocrx_word' id='word_1_128' title='bbox 2279 1074 2388 1115; x_wconf 86' lang='lat' dir='ltr'>Inter</span> <span class='ocrx_word' id='word_1_129' title='bbox 2417 1074 2536 1116; x_wconf 86' lang='lat' dir='ltr'>multa</span> 
     </span>
     <span class='ocr_line' id='line_1_12' title="bbox 222 1146 2536 1204; baseline 0 -14"><span class='ocrx_word' id='word_1_130' title='bbox 222 1148 309 1190; x_wconf 87' lang='lat' dir='ltr'>eius</span> <span class='ocrx_word' id='word_1_131' title='bbox 337 1147 484 1202; x_wconf 86' lang='lat' dir='ltr'>scripta</span> <span class='ocrx_word' id='word_1_132' title='bbox 515 1146 698 1190; x_wconf 76' lang='lat' dir='ltr'>feruntur</span> <span class='ocrx_word' id='word_1_133' title='bbox 727 1147 808 1190; x_wconf 89' lang='lat' dir='ltr'>duo</span> <span class='ocrx_word' id='word_1_134' title='bbox 835 1148 885 1191; x_wconf 92' lang='lat' dir='ltr'>de</span> <span class='ocrx_word' id='word_1_135' title='bbox 915 1147 1053 1191; x_wconf 81' lang='lat' dir='ltr'>inferis</span> <span class='ocrx_word' id='word_1_136' title='bbox 1072 1147 1134 1204; x_wconf 73' lang='lat'>¹⁸).</span> <span class='ocrx_word' id='word_1_137' title='bbox 1194 1148 1310 1199; x_wconf 86' lang='lat' dir='ltr'>Quod</span> <span class='ocrx_word' id='word_1_138' title='bbox 1337 1153 1614 1204; x_wconf 70' lang='lat' dir='ltr'>argumentum</span> <span class='ocrx_word' id='word_1_139' title='bbox 1650 1153 1731 1190; x_wconf 85' lang='lat' dir='ltr'>lum</span> <span class='ocrx_word' id='word_1_140' title='bbox 1761 1159 1783 1190; x_wconf 91' lang='lat' dir='ltr'>a</span> <span class='ocrx_word' id='word_1_141' title='bbox 1813 1147 2055 1201; x_wconf 87' lang='lat' dir='ltr'>philosophis</span> <span class='ocrx_word' id='word_1_142' title='bbox 2092 1147 2254 1191; x_wconf 88' lang='lat' dir='ltr'>diverso</span> <span class='ocrx_word' id='word_1_143' title='bbox 2293 1147 2410 1190; x_wconf 90' lang='lat' dir='ltr'>modo</span> <span class='ocrx_word' id='word_1_144' title='bbox 2449 1152 2536 1190; x_wconf 83' lang='lat' dir='ltr'>tra-</span> 
     </span>
     <span class='ocr_line' id='line_1_13' title="bbox 223 1220 2537 1276; baseline -0.001 -12"><span class='ocrx_word' id='word_1_145' title='bbox 223 1229 370 1264; x_wconf 84' lang='lat' dir='ltr'>ctatum</span> <span class='ocrx_word' id='word_1_146' title='bbox 400 1229 484 1271; x_wconf 85' lang='lat' dir='ltr'>cst,</span> <span class='ocrx_word' id='word_1_147' title='bbox 515 1233 603 1262; x_wconf 92' lang='lat' dir='ltr'>cum</span> <span class='ocrx_word' id='word_1_148' title='bbox 636 1222 701 1262; x_wconf 90' lang='lat' dir='ltr'>alii</span> <span class='ocrx_word' id='word_1_149' title='bbox 730 1221 853 1276; x_wconf 82' lang='lat' dir='ltr'>vulgo</span> <span class='ocrx_word' id='word_1_150' title='bbox 882 1222 1205 1264; x_wconf 82' lang='lat' dir='ltr'>commendarent</span> <span class='ocrx_word' id='word_1_151' title='bbox 1233 1222 1397 1274; x_wconf 80' lang='lat' dir='ltr'>fabulas,</span> <span class='ocrx_word' id='word_1_152' title='bbox 1432 1223 1498 1264; x_wconf 90' lang='lat' dir='ltr'>alii</span> <span class='ocrx_word' id='word_1_153' title='bbox 1526 1234 1594 1264; x_wconf 78' lang='lat' dir='ltr'>eas</span> <span class='ocrx_word' id='word_1_154' title='bbox 1622 1223 1847 1265; x_wconf 87' lang='lat' dir='ltr'>irriderent.</span> <span class='ocrx_word' id='word_1_155' title='bbox 1907 1222 2033 1264; x_wconf 88' lang='lat' dir='ltr'>lrrisit</span> <span class='ocrx_word' id='word_1_156' title='bbox 2060 1230 2129 1264; x_wconf 80' lang='lat' dir='ltr'>eas</span> <span class='ocrx_word' id='word_1_157' title='bbox 2158 1221 2442 1274; x_wconf 81' lang='lat' dir='ltr'>Peripateticus</span> <span class='ocrx_word' id='word_1_158' title='bbox 2471 1220 2537 1263; x_wconf 89' lang='lat' dir='ltr'>ille</span> 
     </span>
     <span class='ocr_line' id='line_1_14' title="bbox 224 1295 2536 1355; baseline 0 -19"><span class='ocrx_word' id='word_1_159' title='bbox 224 1295 504 1347; x_wconf 85' lang='lat' dir='ltr'>Dicaearchus,</span> <span class='ocrx_word' id='word_1_160' title='bbox 535 1296 602 1348; x_wconf 90' lang='lat' dir='ltr'>qui</span> <span class='ocrx_word' id='word_1_161' title='bbox 632 1296 759 1337; x_wconf 88' lang='lat' dir='ltr'>tribus</span> <span class='ocrx_word' id='word_1_162' title='bbox 788 1296 900 1337; x_wconf 88' lang='lat' dir='ltr'>libris</span> <span class='ocrx_word' id='word_1_163' title='bbox 926 1297 1010 1338; x_wconf 86' lang='lat' dir='ltr'>suis</span> <span class='ocrx_word' id='word_1_164' title='bbox 1037 1297 1238 1338; x_wconf 85' lang='lat' dir='ltr'>Lesbiacis</span> <span class='ocrx_word' id='word_1_165' title='bbox 1266 1304 1404 1339; x_wconf 90' lang='lat' dir='ltr'>contra</span> <span class='ocrx_word' id='word_1_166' title='bbox 1433 1297 1763 1339; x_wconf 87' lang='lat' dir='ltr'>immortalitatem</span> <span class='ocrx_word' id='word_1_167' title='bbox 1793 1297 2006 1349; x_wconf 81' lang='lat' dir='ltr'>disputavit</span> <span class='ocrx_word' id='word_1_168' title='bbox 2034 1298 2229 1338; x_wconf 83' lang='lat' dir='ltr'>acerrime</span> <span class='ocrx_word' id='word_1_169' title='bbox 2249 1296 2320 1355; x_wconf 46' lang='lat'>⁵).</span> <span class='ocrx_word' id='word_1_170' title='bbox 2347 1297 2385 1338; x_wconf 88' lang='lat' dir='ltr'>ls</span> <span class='ocrx_word' id='word_1_171' title='bbox 2415 1298 2454 1337; x_wconf 87' lang='lat' dir='ltr'>in</span> <span class='ocrx_word' id='word_1_172' title='bbox 2482 1297 2536 1337; x_wconf 91' lang='lat' dir='ltr'>li-</span> 
     </span>
     <span class='ocr_line' id='line_1_15' title="bbox 222 1370 2537 1422; baseline -0.001 -11"><span class='ocrx_word' id='word_1_173' title='bbox 222 1370 321 1419; x_wconf 88' lang='lat' dir='ltr'>bris,</span> <span class='ocrx_word' id='word_1_174' title='bbox 350 1381 451 1422; x_wconf 88' lang='lat' dir='ltr'>quos</span> <span class='ocrx_word' id='word_1_175' title='bbox 481 1381 601 1421; x_wconf 88' lang='lat' dir='ltr'>supra</span> <span class='ocrx_word' id='word_1_176' title='bbox 632 1370 861 1418; x_wconf 82' lang='lat' dir='ltr'>memoravi,</span> <span class='ocrx_word' id='word_1_177' title='bbox 891 1370 1152 1411; x_wconf 74' lang='lat' dir='ltr'>Corinthiacis</span> <span class='ocrx_word' id='word_1_178' title='bbox 1181 1371 1455 1411; x_wconf 80' lang='lat' dir='ltr'>Pherecratem</span> <span class='ocrx_word' id='word_1_179' title='bbox 1485 1371 1680 1422; x_wconf 83' lang='lat' dir='ltr'>quendam</span> <span class='ocrx_word' id='word_1_180' title='bbox 1702 1384 1722 1410; x_wconf 86' lang='lat' dir='ltr'>a</span> <span class='ocrx_word' id='word_1_181' title='bbox 1743 1371 1983 1411; x_wconf 87' lang='lat' dir='ltr'>Deucalione</span> <span class='ocrx_word' id='word_1_182' title='bbox 2002 1376 2134 1411; x_wconf 85' lang='lat' dir='ltr'>ortum</span> <span class='ocrx_word' id='word_1_183' title='bbox 2164 1371 2319 1411; x_wconf 83' lang='lat' dir='ltr'>induxit</span> <span class='ocrx_word' id='word_1_184' title='bbox 2337 1370 2389 1410; x_wconf 87' lang='lat' dir='ltr'>de</span> <span class='ocrx_word' id='word_1_185' title='bbox 2418 1371 2537 1410; x_wconf 80' lang='lat' dir='ltr'>animi</span> 
     </span>
     <span class='ocr_line' id='line_1_16' title="bbox 220 1441 2534 1496; baseline 0 -14"><span class='ocrx_word' id='word_1_186' title='bbox 220 1442 380 1484; x_wconf 82' lang='lat' dir='ltr'>nomine</span> <span class='ocrx_word' id='word_1_187' title='bbox 419 1442 525 1482; x_wconf 87' lang='lat' dir='ltr'>inani</span> <span class='ocrx_word' id='word_1_188' title='bbox 562 1445 828 1494; x_wconf 72' lang='lat' dir='ltr'>exponentem</span> <span class='ocrx_word' id='word_1_189' title='bbox 843 1441 901 1496; x_wconf 83' lang='lat'>⁶).</span> <span class='ocrx_word' id='word_1_190' title='bbox 961 1443 1084 1491; x_wconf 85' lang='lat' dir='ltr'>Quam</span> <span class='ocrx_word' id='word_1_191' title='bbox 1123 1442 1293 1484; x_wconf 86' lang='lat' dir='ltr'>fabulam</span> <span class='ocrx_word' id='word_1_192' title='bbox 1321 1443 1555 1495; x_wconf 90' lang='lat' dir='ltr'>opposuisse</span> <span class='ocrx_word' id='word_1_193' title='bbox 1592 1443 1701 1485; x_wconf 88' lang='lat' dir='ltr'>illum</span> <span class='ocrx_word' id='word_1_194' title='bbox 1740 1444 1921 1495; x_wconf 89' lang='lat' dir='ltr'>suspicor</span> <span class='ocrx_word' id='word_1_195' title='bbox 1949 1443 2018 1484; x_wconf 90' lang='lat' dir='ltr'>Eri</span> <span class='ocrx_word' id='word_1_196' title='bbox 2054 1443 2111 1483; x_wconf 89' lang='lat' dir='ltr'>illi</span> <span class='ocrx_word' id='word_1_197' title='bbox 2140 1443 2377 1495; x_wconf 83' lang='lat' dir='ltr'>Pamphilio,</span> <span class='ocrx_word' id='word_1_198' title='bbox 2416 1455 2534 1496; x_wconf 87' lang='lat' dir='ltr'>quem</span> 
     </span>
     <span class='ocr_line' id='line_1_17' title="bbox 217 1506 2536 1570; baseline -0 -13"><span class='ocrx_word' id='word_1_199' title='bbox 217 1516 327 1558; x_wconf 89' lang='lat' dir='ltr'>Plato</span> <span class='ocrx_word' id='word_1_200' title='bbox 357 1516 396 1557; x_wconf 91' lang='lat' dir='ltr'>in</span> <span class='ocrx_word' id='word_1_201' title='bbox 427 1515 580 1556; x_wconf 88' lang='lat' dir='ltr'>decimo</span> <span class='ocrx_word' id='word_1_202' title='bbox 610 1515 660 1556; x_wconf 88' lang='lat' dir='ltr'>de</span> <span class='ocrx_word' id='word_1_203' title='bbox 679 1506 895 1567; x_wconf 79' lang='lat' dir='ltr'>Republica</span> <span class='ocrx_word' id='word_1_204' title='bbox 923 1514 1026 1556; x_wconf 88' lang='lat' dir='ltr'>libro</span> <span class='ocrx_word' id='word_1_205' title='bbox 1056 1515 1206 1558; x_wconf 77' lang='lat' dir='ltr'>fecerat</span> <span class='ocrx_word' id='word_1_206' title='bbox 1236 1529 1258 1557; x_wconf 88' lang='lat' dir='ltr'>a</span> <span class='ocrx_word' id='word_1_207' title='bbox 1288 1523 1414 1557; x_wconf 88' lang='lat' dir='ltr'>morte</span> <span class='ocrx_word' id='word_1_208' title='bbox 1441 1516 1632 1557; x_wconf 84' lang='lat' dir='ltr'>reducem</span> <span class='ocrx_word' id='word_1_209' title='bbox 1662 1523 1702 1558; x_wconf 89' lang='lat' dir='ltr'>et</span> <span class='ocrx_word' id='word_1_210' title='bbox 1725 1517 1774 1557; x_wconf 90' lang='lat' dir='ltr'>de</span> <span class='ocrx_word' id='word_1_211' title='bbox 1802 1517 1940 1557; x_wconf 75' lang='lat' dir='ltr'>inieris</span> <span class='ocrx_word' id='word_1_212' title='bbox 1968 1517 2268 1569; x_wconf 79' lang='lat' dir='ltr'>animorumque</span> <span class='ocrx_word' id='word_1_213' title='bbox 2297 1517 2536 1570; x_wconf 79' lang='lat' dir='ltr'>migratione</span> 
     </span>
     <span class='ocr_line' id='line_1_18' title="bbox 220 1588 2538 1642; baseline 0 -12"><span class='ocrx_word' id='word_1_214' title='bbox 220 1594 447 1631; x_wconf 87' lang='lat' dir='ltr'>narrantem</span> <span class='ocrx_word' id='word_1_215' title='bbox 479 1589 537 1641; x_wconf 84' lang='lat'>⁷).</span> <span class='ocrx_word' id='word_1_216' title='bbox 596 1588 771 1630; x_wconf 86' lang='lat' dir='ltr'>Eandem</span> <span class='ocrx_word' id='word_1_217' title='bbox 827 1589 999 1630; x_wconf 77' lang='lat' dir='ltr'>Platonis</span> <span class='ocrx_word' id='word_1_218' title='bbox 1051 1589 1240 1640; x_wconf 78' lang='lat' dir='ltr'>fabulam,</span> <span class='ocrx_word' id='word_1_219' title='bbox 1297 1602 1398 1642; x_wconf 87' lang='lat' dir='ltr'>quae</span> <span class='ocrx_word' id='word_1_220' title='bbox 1454 1590 1614 1630; x_wconf 82' lang='lat' dir='ltr'>videtur</span> <span class='ocrx_word' id='word_1_221' title='bbox 1661 1591 1775 1630; x_wconf 86' lang='lat' dir='ltr'>valde</span> <span class='ocrx_word' id='word_1_222' title='bbox 1830 1590 1953 1630; x_wconf 85' lang='lat' dir='ltr'>fuisse</span> <span class='ocrx_word' id='word_1_223' title='bbox 2007 1590 2228 1638; x_wconf 82' lang='lat' dir='ltr'>celebrata,</span> <span class='ocrx_word' id='word_1_224' title='bbox 2277 1589 2538 1630; x_wconf 65' lang='lat' dir='ltr'>refellendam*</span> 
     </span>
     <span class='ocr_line' id='line_1_19' title="bbox 219 1661 2539 1717; baseline 0 -13"><span class='ocrx_word' id='word_1_225' title='bbox 219 1662 387 1714; x_wconf 78' lang='lat' dir='ltr'>sumpsit</span> <span class='ocrx_word' id='word_1_226' title='bbox 415 1661 578 1714; x_wconf 87' lang='lat' dir='ltr'>Epicuri</span> <span class='ocrx_word' id='word_1_227' title='bbox 607 1661 823 1714; x_wconf 87' lang='lat' dir='ltr'>discipulus</span> <span class='ocrx_word' id='word_1_228' title='bbox 853 1661 1035 1709; x_wconf 87' lang='lat' dir='ltr'>Colotes,</span> <span class='ocrx_word' id='word_1_229' title='bbox 1068 1663 1136 1715; x_wconf 87' lang='lat' dir='ltr'>qui</span> <span class='ocrx_word' id='word_1_230' title='bbox 1166 1665 1325 1717; x_wconf 82' lang='lat' dir='ltr'>negavit</span> <span class='ocrx_word' id='word_1_231' title='bbox 1353 1664 1550 1705; x_wconf 88' lang='lat' dir='ltr'>hominem</span> <span class='ocrx_word' id='word_1_232' title='bbox 1581 1676 1602 1704; x_wconf 92' lang='lat' dir='ltr'>a</span> <span class='ocrx_word' id='word_1_233' title='bbox 1632 1670 1761 1705; x_wconf 88' lang='lat' dir='ltr'>morte</span> <span class='ocrx_word' id='word_1_234' title='bbox 1790 1664 1880 1704; x_wconf 90' lang='lat' dir='ltr'>huic</span> <span class='ocrx_word' id='word_1_235' title='bbox 1911 1664 2015 1704; x_wconf 85' lang='lat' dir='ltr'>vitae</span> <span class='ocrx_word' id='word_1_236' title='bbox 2043 1663 2201 1705; x_wconf 86' lang='lat' dir='ltr'>restitui</span> <span class='ocrx_word' id='word_1_237' title='bbox 2228 1675 2349 1715; x_wconf 85' lang='lat' dir='ltr'>posse</span> <span class='ocrx_word' id='word_1_238' title='bbox 2368 1661 2429 1716; x_wconf 80' lang='lat'>⁸).</span> <span class='ocrx_word' id='word_1_239' title='bbox 2488 1663 2539 1705; x_wconf 85' lang='lat' dir='ltr'>Et</span> 
     </span>
     <span class='ocr_line' id='line_1_20' title="bbox 219 1735 2538 1790; baseline 0 -14"><span class='ocrx_word' id='word_1_240' title='bbox 219 1736 294 1778; x_wconf 81' lang='lat' dir='ltr'>ista</span> <span class='ocrx_word' id='word_1_241' title='bbox 324 1735 483 1788; x_wconf 88' lang='lat' dir='ltr'>quidem</span> <span class='ocrx_word' id='word_1_242' title='bbox 514 1736 788 1777; x_wconf 87' lang='lat' dir='ltr'>controversia</span> <span class='ocrx_word' id='word_1_243' title='bbox 818 1735 922 1777; x_wconf 85' lang='lat' dir='ltr'>inter</span> <span class='ocrx_word' id='word_1_244' title='bbox 951 1735 1125 1778; x_wconf 87' lang='lat' dir='ltr'>Graecos</span> <span class='ocrx_word' id='word_1_245' title='bbox 1156 1737 1406 1790; x_wconf 89' lang='lat' dir='ltr'>philosophos</span> <span class='ocrx_word' id='word_1_246' title='bbox 1437 1738 1593 1790; x_wconf 88' lang='lat' dir='ltr'>patebat</span> <span class='ocrx_word' id='word_1_247' title='bbox 1622 1738 1750 1786; x_wconf 83' lang='lat' dir='ltr'>latius,</span> <span class='ocrx_word' id='word_1_248' title='bbox 1778 1750 1869 1778; x_wconf 92' lang='lat' dir='ltr'>cum</span> <span class='ocrx_word' id='word_1_249' title='bbox 1899 1737 2115 1789; x_wconf 84' lang='lat' dir='ltr'>antiquitus</span> <span class='ocrx_word' id='word_1_250' title='bbox 2144 1735 2345 1778; x_wconf 85' lang='lat' dir='ltr'>hominum</span> <span class='ocrx_word' id='word_1_251' title='bbox 2375 1747 2538 1778; x_wconf 86' lang='lat' dir='ltr'>rumore</span> 
     </span>
     <span class='ocr_line' id='line_1_21' title="bbox 219 1810 2534 1864; baseline 0 -14"><span class='ocrx_word' id='word_1_252' title='bbox 219 1810 332 1852; x_wconf 87' lang='lat' dir='ltr'>multi</span> <span class='ocrx_word' id='word_1_253' title='bbox 362 1822 384 1851; x_wconf 90' lang='lat' dir='ltr'>e</span> <span class='ocrx_word' id='word_1_254' title='bbox 417 1816 545 1851; x_wconf 88' lang='lat' dir='ltr'>morte</span> <span class='ocrx_word' id='word_1_255' title='bbox 574 1810 612 1849; x_wconf 91' lang='lat' dir='ltr'>in</span> <span class='ocrx_word' id='word_1_256' title='bbox 645 1810 762 1851; x_wconf 88' lang='lat' dir='ltr'>vitam</span> <span class='ocrx_word' id='word_1_257' title='bbox 792 1810 947 1850; x_wconf 89' lang='lat' dir='ltr'>redisse</span> <span class='ocrx_word' id='word_1_258' title='bbox 976 1810 1200 1861; x_wconf 85' lang='lat' dir='ltr'>ferrentur,</span> <span class='ocrx_word' id='word_1_259' title='bbox 1247 1818 1290 1852; x_wconf 82' lang='lat' dir='ltr'>ut</span> <span class='ocrx_word' id='word_1_260' title='bbox 1318 1811 1382 1852; x_wconf 85' lang='lat' dir='ltr'>vel</span> <span class='ocrx_word' id='word_1_261' title='bbox 1404 1811 1511 1852; x_wconf 88' lang='lat' dir='ltr'>docti</span> <span class='ocrx_word' id='word_1_262' title='bbox 1541 1812 1618 1852; x_wconf 85' lang='lat' dir='ltr'>viri</span> <span class='ocrx_word' id='word_1_263' title='bbox 1646 1813 1733 1852; x_wconf 90' lang='lat' dir='ltr'>eius</span> <span class='ocrx_word' id='word_1_264' title='bbox 1763 1811 1925 1864; x_wconf 87' lang='lat' dir='ltr'>generis</span> <span class='ocrx_word' id='word_1_265' title='bbox 1954 1810 2132 1862; x_wconf 85' lang='lat' dir='ltr'>exempla</span> <span class='ocrx_word' id='word_1_266' title='bbox 2162 1810 2399 1863; x_wconf 78' lang='lat' dir='ltr'>colligerent</span> <span class='ocrx_word' id='word_1_267' title='bbox 2428 1811 2534 1851; x_wconf 87' lang='lat' dir='ltr'>scri-</span> 
     </span>
     <span class='ocr_line' id='line_1_22' title="bbox 217 1883 2534 1938; baseline 0 -12"><span class='ocrx_word' id='word_1_268' title='bbox 217 1884 373 1938; x_wconf 81' lang='lat' dir='ltr'>ptisque</span> <span class='ocrx_word' id='word_1_269' title='bbox 406 1883 638 1926; x_wconf 80' lang='lat' dir='ltr'>mandarent</span> <span class='ocrx_word' id='word_1_270' title='bbox 661 1883 719 1938; x_wconf 85' lang='lat'>9).</span> <span class='ocrx_word' id='word_1_271' title='bbox 780 1883 822 1924; x_wconf 91' lang='lat' dir='ltr'>1n</span> <span class='ocrx_word' id='word_1_272' title='bbox 853 1884 996 1936; x_wconf 85' lang='lat' dir='ltr'>quibus</span> <span class='ocrx_word' id='word_1_273' title='bbox 1026 1884 1184 1937; x_wconf 84' lang='lat' dir='ltr'>scriptis</span> <span class='ocrx_word' id='word_1_274' title='bbox 1212 1884 1413 1935; x_wconf 87' lang='lat' dir='ltr'>eiusdem,</span> <span class='ocrx_word' id='word_1_275' title='bbox 1442 1898 1561 1937; x_wconf 87' lang='lat' dir='ltr'>quem</span> <span class='ocrx_word' id='word_1_276' title='bbox 1592 1885 1708 1927; x_wconf 83' lang='lat' dir='ltr'>modo</span> <span class='ocrx_word' id='word_1_277' title='bbox 1739 1884 1842 1935; x_wconf 88' lang='lat' dir='ltr'>dixi,</span> <span class='ocrx_word' id='word_1_278' title='bbox 1873 1884 2091 1926; x_wconf 85' lang='lat' dir='ltr'>Heraclidis</span> <span class='ocrx_word' id='word_1_279' title='bbox 2114 1884 2265 1925; x_wconf 81' lang='lat' dir='ltr'>&#39;librum</span> <span class='ocrx_word' id='word_1_280' title='bbox 2294 1883 2442 1936; x_wconf 80' lang='lat' dir='ltr'>affero,</span> <span class='ocrx_word' id='word_1_281' title='bbox 2474 1884 2534 1926; x_wconf 86' lang='lat' dir='ltr'>his</span> 
     </span>
     <span class='ocr_line' id='line_1_23' title="bbox 218 1957 2534 2011; baseline -0 -12"><span class='ocrx_word' id='word_1_282' title='bbox 218 1958 355 1999; x_wconf 84' lang='lat' dir='ltr'>verbis</span> <span class='ocrx_word' id='word_1_283' title='bbox 384 1957 581 1999; x_wconf 87' lang='lat' dir='ltr'>laudatum</span> <span class='ocrx_word' id='word_1_284' title='bbox 612 1969 634 1997; x_wconf 88' lang='lat' dir='ltr'>a</span> <span class='ocrx_word' id='word_1_285' title='bbox 665 1957 787 1998; x_wconf 82' lang='lat' dir='ltr'>Plinio</span> <span class='ocrx_word' id='word_1_286' title='bbox 818 1958 858 1998; x_wconf 90' lang='lat' dir='ltr'>in</span> <span class='ocrx_word' id='word_1_287' title='bbox 888 1958 977 2011; x_wconf 86' lang='lat' dir='ltr'>hist.</span> <span class='ocrx_word' id='word_1_288' title='bbox 1010 1964 1088 1999; x_wconf 89' lang='lat' dir='ltr'>nat.</span> <span class='ocrx_word' id='word_1_289' title='bbox 1120 1958 1191 2000; x_wconf 91' lang='lat' dir='ltr'>Vll</span> <span class='ocrx_word' id='word_1_290' title='bbox 1221 1959 1294 2000; x_wconf 77' lang='lat'>52:</span> <span class='ocrx_word' id='word_1_291' title='bbox 1352 1958 1467 2008; x_wconf 85' lang='lat' dir='ltr'>„Huc</span> <span class='ocrx_word' id='word_1_292' title='bbox 1506 1959 1678 2011; x_wconf 80' lang='lat' dir='ltr'>pertinet</span> <span class='ocrx_word' id='word_1_293' title='bbox 1717 1959 1849 2000; x_wconf 88' lang='lat' dir='ltr'>nobile</span> <span class='ocrx_word' id='word_1_294' title='bbox 1887 1959 1983 2000; x_wconf 90' lang='lat' dir='ltr'>illud</span> <span class='ocrx_word' id='word_1_295' title='bbox 2013 1958 2115 2011; x_wconf 83' lang='lat' dir='ltr'>apud</span> <span class='ocrx_word' id='word_1_296' title='bbox 2145 1957 2319 1998; x_wconf 88' lang='lat' dir='ltr'>Graecos</span> <span class='ocrx_word' id='word_1_297' title='bbox 2348 1957 2534 1998; x_wconf 84' lang='lat' dir='ltr'>volumen</span> 
     </span>
     <span class='ocr_line' id='line_1_24' title="bbox 218 2014 2534 2086; baseline -0 -14"><span class='ocrx_word' id='word_1_298' title='bbox 218 2031 459 2079; x_wconf 84' lang='lat' dir='ltr'>Heraclidis,</span> <span class='ocrx_word' id='word_1_299' title='bbox 488 2036 639 2083; x_wconf 86' lang='lat' dir='ltr'>septem</span> <span class='ocrx_word' id='word_1_300' title='bbox 659 2031 799 2071; x_wconf 88' lang='lat' dir='ltr'>diebus</span> <span class='ocrx_word' id='word_1_301' title='bbox 829 2030 997 2073; x_wconf 85' lang='lat' dir='ltr'>feminae</span> <span class='ocrx_word' id='word_1_302' title='bbox 1019 2014 1282 2073; x_wconf 56' lang='lat' dir='ltr'>exanimis&#39;ad</span> <span class='ocrx_word' id='word_1_303' title='bbox 1301 2031 1418 2072; x_wconf 87' lang='lat' dir='ltr'>vitam</span> <span class='ocrx_word' id='word_1_304' title='bbox 1444 2033 1687 2073; x_wconf 85' lang='lat' dir='ltr'>revocatae“</span> <span class='ocrx_word' id='word_1_305' title='bbox 1707 2030 1781 2086; x_wconf 85' lang='lat'>¹⁰).</span> <span class='ocrx_word' id='word_1_306' title='bbox 1814 2032 1959 2073; x_wconf 84' lang='lat' dir='ltr'>Similia</span> <span class='ocrx_word' id='word_1_307' title='bbox 1985 2038 2077 2074; x_wconf 89' lang='lat' dir='ltr'>ante</span> <span class='ocrx_word' id='word_1_308' title='bbox 2094 2028 2342 2073; x_wconf 83' lang='lat' dir='ltr'>Heraclidem</span> <span class='ocrx_word' id='word_1_309' title='bbox 2361 2041 2451 2071; x_wconf 88' lang='lat' dir='ltr'>cum</span> <span class='ocrx_word' id='word_1_310' title='bbox 2468 2029 2534 2072; x_wconf 86' lang='lat' dir='ltr'>alii</span> 
     </span>
     <span class='ocr_line' id='line_1_25' title="bbox 218 2101 2534 2159; baseline -0 -13"><span class='ocrx_word' id='word_1_311' title='bbox 218 2110 511 2155; x_wconf 84' lang='lat' dir='ltr'>tractaverunt,</span> <span class='ocrx_word' id='word_1_312' title='bbox 551 2109 632 2145; x_wconf 83' lang='lat' dir='ltr'>tum</span> <span class='ocrx_word' id='word_1_313' title='bbox 671 2105 755 2157; x_wconf 87' lang='lat' dir='ltr'>ipse</span> <span class='ocrx_word' id='word_1_314' title='bbox 787 2108 1009 2145; x_wconf 86' lang='lat' dir='ltr'>atomorum</span> <span class='ocrx_word' id='word_1_315' title='bbox 1045 2105 1233 2147; x_wconf 84' lang='lat' dir='ltr'>inventor</span> <span class='ocrx_word' id='word_1_316' title='bbox 1262 2104 1511 2147; x_wconf 78' lang='lat' dir='ltr'>Democritus</span> <span class='ocrx_word' id='word_1_317' title='bbox 1549 2105 1588 2147; x_wconf 89' lang='lat' dir='ltr'>in</span> <span class='ocrx_word' id='word_1_318' title='bbox 1618 2105 1834 2159; x_wconf 90' lang='lat' dir='ltr'>opusculo,</span> <span class='ocrx_word' id='word_1_319' title='bbox 1871 2104 1977 2159; x_wconf 88' lang='lat' dir='ltr'>quod</span> <span class='ocrx_word' id='word_1_320' title='bbox 2015 2104 2216 2158; x_wconf 78' lang='lat' dir='ltr'>inscripsit</span> <span class='ocrx_word' id='word_1_321' title='bbox 2251 2101 2347 2157; x_wconf 69' lang='lat' dir='ltr'>moi</span> <span class='ocrx_word' id='word_1_322' title='bbox 2375 2102 2461 2144; x_wconf 79' lang='grc' dir='ltr'>τῶν</span> <span class='ocrx_word' id='word_1_323' title='bbox 2490 2101 2534 2145; x_wconf 75' lang='grc' dir='ltr'>ἐν</span> 
     </span>
     <span class='ocr_line' id='line_1_26' title="bbox 219 2175 2532 2234; baseline 0 -17"><span class='ocrx_word' id='word_1_324' title='bbox 219 2176 318 2234; x_wconf 72' lang='grc' dir='ltr'><strong><em>ᾅδου</em></strong></span> <span class='ocrx_word' id='word_1_325' title='bbox 339 2178 413 2234; x_wconf 80' lang='lat'>¹¹).</span> <span class='ocrx_word' id='word_1_326' title='bbox 474 2179 587 2218; x_wconf 87' lang='lat' dir='ltr'>Unde</span> <span class='ocrx_word' id='word_1_327' title='bbox 615 2178 776 2230; x_wconf 85' lang='lat' dir='ltr'>Epicuri</span> <span class='ocrx_word' id='word_1_328' title='bbox 817 2185 906 2219; x_wconf 87' lang='lat' dir='ltr'>orta</span> <span class='ocrx_word' id='word_1_329' title='bbox 935 2190 1026 2219; x_wconf 88' lang='lat' dir='ltr'>esse</span> <span class='ocrx_word' id='word_1_330' title='bbox 1055 2179 1213 2220; x_wconf 85' lang='lat' dir='ltr'>videtur</span> <span class='ocrx_word' id='word_1_331' title='bbox 1242 2179 1307 2219; x_wconf 86' lang='lat' dir='ltr'>illa</span> <span class='ocrx_word' id='word_1_332' title='bbox 1346 2179 1493 2219; x_wconf 89' lang='lat' dir='ltr'>invidia</span> <span class='ocrx_word' id='word_1_333' title='bbox 1530 2190 1644 2232; x_wconf 85' lang='lat' dir='ltr'>quam</span> <span class='ocrx_word' id='word_1_334' title='bbox 1684 2184 1877 2221; x_wconf 85' lang='lat' dir='ltr'>memorat</span> <span class='ocrx_word' id='word_1_335' title='bbox 1906 2179 2048 2221; x_wconf 87' lang='lat' dir='ltr'>Cicero</span> <span class='ocrx_word' id='word_1_336' title='bbox 2086 2179 2125 2220; x_wconf 90' lang='lat' dir='ltr'>in</span> <span class='ocrx_word' id='word_1_337' title='bbox 2156 2177 2272 2219; x_wconf 84' lang='lat' dir='ltr'>Tusc.</span> <span class='ocrx_word' id='word_1_338' title='bbox 2304 2177 2320 2216; x_wconf 90' lang='lat'>1</span> <span class='ocrx_word' id='word_1_339' title='bbox 2352 2175 2423 2227; x_wconf 82' lang='lat'>34,</span> <span class='ocrx_word' id='word_1_340' title='bbox 2452 2176 2532 2222; x_wconf 83' lang='lat'>82:</span> 
     </span>
     <span class='ocr_line' id='line_1_27' title="bbox 217 2252 2531 2305; baseline -0.001 -12"><span class='ocrx_word' id='word_1_341' title='bbox 217 2253 322 2303; x_wconf 84' lang='lat' dir='ltr'>„Fac</span> <span class='ocrx_word' id='word_1_342' title='bbox 351 2253 456 2292; x_wconf 89' lang='lat' dir='ltr'>enim</span> <span class='ocrx_word' id='word_1_343' title='bbox 488 2252 546 2292; x_wconf 91' lang='lat' dir='ltr'>sic</span> <span class='ocrx_word' id='word_1_344' title='bbox 567 2252 738 2291; x_wconf 84' lang='lat' dir='ltr'>animum</span> <span class='ocrx_word' id='word_1_345' title='bbox 767 2252 914 2303; x_wconf 87' lang='lat' dir='ltr'>perire,</span> <span class='ocrx_word' id='word_1_346' title='bbox 945 2258 988 2292; x_wconf 87' lang='lat' dir='ltr'>ut</span> <span class='ocrx_word' id='word_1_347' title='bbox 1007 2262 1175 2305; x_wconf 88' lang='lat' dir='ltr'>corpus:</span> <span class='ocrx_word' id='word_1_348' title='bbox 1205 2263 1299 2291; x_wconf 91' lang='lat' dir='ltr'>num</span> <span class='ocrx_word' id='word_1_349' title='bbox 1328 2252 1450 2305; x_wconf 85' lang='lat' dir='ltr'>igitur</span> <span class='ocrx_word' id='word_1_350' title='bbox 1481 2252 1623 2304; x_wconf 86' lang='lat' dir='ltr'>aliquis</span> <span class='ocrx_word' id='word_1_351' title='bbox 1641 2252 1769 2300; x_wconf 89' lang='lat' dir='ltr'>dolor,</span> <span class='ocrx_word' id='word_1_352' title='bbox 1800 2257 1866 2294; x_wconf 89' lang='lat' dir='ltr'>aut</span> <span class='ocrx_word' id='word_1_353' title='bbox 1896 2253 2055 2293; x_wconf 91' lang='lat' dir='ltr'>omnino</span> <span class='ocrx_word' id='word_1_354' title='bbox 2076 2257 2163 2304; x_wconf 89' lang='lat' dir='ltr'>post</span> <span class='ocrx_word' id='word_1_355' title='bbox 2192 2256 2357 2292; x_wconf 88' lang='lat' dir='ltr'>mortem</span> <span class='ocrx_word' id='word_1_356' title='bbox 2387 2261 2531 2291; x_wconf 87' lang='lat' dir='ltr'>sensus</span> 
     </span>
     <span class='ocr_line' id='line_1_28' title="bbox 217 2323 2531 2380; baseline 0 -13"><span class='ocrx_word' id='word_1_357' title='bbox 217 2326 256 2366; x_wconf 92' lang='lat' dir='ltr'>in</span> <span class='ocrx_word' id='word_1_358' title='bbox 287 2337 459 2380; x_wconf 88' lang='lat' dir='ltr'>corpore</span> <span class='ocrx_word' id='word_1_359' title='bbox 490 2326 583 2367; x_wconf 89' lang='lat' dir='ltr'>est?</span> <span class='ocrx_word' id='word_1_360' title='bbox 641 2325 766 2366; x_wconf 90' lang='lat' dir='ltr'>Nemo</span> <span class='ocrx_word' id='word_1_361' title='bbox 796 2325 836 2366; x_wconf 84' lang='lat' dir='ltr'>id</span> <span class='ocrx_word' id='word_1_362' title='bbox 864 2326 1023 2379; x_wconf 86' lang='lat' dir='ltr'>quidem</span> <span class='ocrx_word' id='word_1_363' title='bbox 1053 2326 1168 2375; x_wconf 88' lang='lat' dir='ltr'>dicit;</span> <span class='ocrx_word' id='word_1_364' title='bbox 1207 2326 1281 2368; x_wconf 90' lang='lat' dir='ltr'>etsi</span> <span class='ocrx_word' id='word_1_365' title='bbox 1310 2325 1582 2368; x_wconf 87' lang='lat' dir='ltr'>Democritum</span> <span class='ocrx_word' id='word_1_366' title='bbox 1612 2325 1810 2369; x_wconf 88' lang='lat' dir='ltr'>insimulat</span> <span class='ocrx_word' id='word_1_367' title='bbox 1838 2326 2053 2379; x_wconf 85' lang='lat' dir='ltr'>Epicurus3</span> <span class='ocrx_word' id='word_1_368' title='bbox 2083 2323 2311 2367; x_wconf 87' lang='lat' dir='ltr'>Democritii</span> <span class='ocrx_word' id='word_1_369' title='bbox 2341 2324 2531 2378; x_wconf 75' lang='lat' dir='ltr'>negant.“</span> 
     </span>
     <span class='ocr_line' id='line_1_29' title="bbox 217 2397 2531 2454; baseline -0.002 -13"><span class='ocrx_word' id='word_1_370' title='bbox 217 2402 304 2450; x_wconf 84' lang='lat' dir='ltr'>Quo</span> <span class='ocrx_word' id='word_1_371' title='bbox 334 2401 538 2441; x_wconf 86' lang='lat' dir='ltr'>Ciceronis</span> <span class='ocrx_word' id='word_1_372' title='bbox 567 2400 656 2440; x_wconf 92' lang='lat' dir='ltr'>loco</span> <span class='ocrx_word' id='word_1_373' title='bbox 687 2400 763 2440; x_wconf 90' lang='lat' dir='ltr'>hoc</span> <span class='ocrx_word' id='word_1_374' title='bbox 793 2400 869 2440; x_wconf 79' lang='lat' dir='ltr'>iam</span> <span class='ocrx_word' id='word_1_375' title='bbox 898 2400 1033 2454; x_wconf 86' lang='lat' dir='ltr'>colligi</span> <span class='ocrx_word' id='word_1_376' title='bbox 1062 2401 1178 2451; x_wconf 85' lang='lat' dir='ltr'>lieet,</span> <span class='ocrx_word' id='word_1_377' title='bbox 1217 2400 1430 2453; x_wconf 88' lang='lat' dir='ltr'>Epicurum</span> <span class='ocrx_word' id='word_1_378' title='bbox 1461 2400 1545 2442; x_wconf 84' lang='lat' dir='ltr'>suis</span> <span class='ocrx_word' id='word_1_379' title='bbox 1575 2401 1614 2441; x_wconf 90' lang='lat' dir='ltr'>in</span> <span class='ocrx_word' id='word_1_380' title='bbox 1644 2401 1802 2452; x_wconf 86' lang='lat' dir='ltr'>scriptis</span> <span class='ocrx_word' id='word_1_381' title='bbox 1831 2398 2024 2441; x_wconf 84' lang='lat' dir='ltr'>eiusmodi</span> <span class='ocrx_word' id='word_1_382' title='bbox 2055 2397 2233 2451; x_wconf 84' lang='lat' dir='ltr'>exempla</span> <span class='ocrx_word' id='word_1_383' title='bbox 2263 2398 2531 2451; x_wconf 88' lang='lat' dir='ltr'>proposuisse,</span> 
     </span>
    </p>
   </div>
   <div class='ocr_carea' id='block_1_3' title="bbox 209 2503 416 2511">
    <p class='ocr_par' dir='ltr' id='par_1_3' title="bbox 209 2503 416 2511">
     <span class='ocr_line' id='line_1_30' title="bbox 209 2503 416 2511; baseline 0 0"><span class='ocrx_word' id='word_1_384' title='bbox 209 2503 416 2511; x_wconf 95' lang='lat' dir='ltr'> </span> 
     </span>
    </p>
   </div>
   <div class='ocr_carea' id='block_1_4' title="bbox 370 2559 2534 2605">
    <p class='ocr_par' dir='ltr' id='par_1_4' title="bbox 370 2559 2534 2605">
     <span class='ocr_line' id='line_1_31' title="bbox 370 2559 2534 2605; baseline -0 -10"><span class='ocrx_word' id='word_1_385' title='bbox 370 2559 400 2604; x_wconf 86' lang='lat'>¹)</span> <span class='ocrx_word' id='word_1_386' title='bbox 427 2563 658 2604; x_wconf 80' lang='lat' dir='ltr'>Olympiodor.</span> <span class='ocrx_word' id='word_1_387' title='bbox 688 2563 729 2593; x_wconf 84' lang='lat' dir='ltr'>ad</span> <span class='ocrx_word' id='word_1_388' title='bbox 757 2563 847 2594; x_wconf 85' lang='lat' dir='ltr'>Plat.</span> <span class='ocrx_word' id='word_1_389' title='bbox 876 2563 1005 2594; x_wconf 78' lang='lat' dir='ltr'>Phaed.</span> <span class='ocrx_word' id='word_1_390' title='bbox 1035 2574 1089 2605; x_wconf 85' lang='lat' dir='ltr'>ap.</span> <span class='ocrx_word' id='word_1_391' title='bbox 1119 2564 1255 2596; x_wconf 78' lang='lat' dir='ltr'>cousin.</span> <span class='ocrx_word' id='word_1_392' title='bbox 1284 2563 1444 2603; x_wconf 80' lang='lat' dir='ltr'>(Journal</span> <span class='ocrx_word' id='word_1_393' title='bbox 1469 2565 1528 2595; x_wconf 82' lang='lat' dir='ltr'>des</span> <span class='ocrx_word' id='word_1_394' title='bbox 1544 2563 1688 2599; x_wconf 63' lang='lat' dir='ltr'>Sax&#39;ans)</span> <span class='ocrx_word' id='word_1_395' title='bbox 1722 2563 1829 2595; x_wconf 73' lang='lat'>1835.</span> <span class='ocrx_word' id='word_1_396' title='bbox 1857 2574 1889 2605; x_wconf 88' lang='lat' dir='ltr'>p.</span> <span class='ocrx_word' id='word_1_397' title='bbox 1924 2559 2010 2595; x_wconf 80' lang='lat'>145:</span> <span class='ocrx_word' id='word_1_398' title='bbox 2041 2561 2087 2593; x_wconf 88' lang='grc' dir='ltr'>Οἱ</span> <span class='ocrx_word' id='word_1_399' title='bbox 2112 2562 2182 2605; x_wconf 63' lang='grc' dir='ltr'>μὲν</span> <span class='ocrx_word' id='word_1_400' title='bbox 2208 2561 2281 2594; x_wconf 72' lang='grc' dir='ltr'>ἀπὸ</span> <span class='ocrx_word' id='word_1_401' title='bbox 2308 2564 2365 2602; x_wconf 69' lang='grc' dir='ltr'>τῆς</span> <span class='ocrx_word' id='word_1_402' title='bbox 2391 2562 2534 2605; x_wconf 66' lang='grc' dir='ltr'><em>λογικῆς</em></span> 
     </span>
    </p>
   </div>
   <div class='ocr_carea' id='block_1_5' title="bbox 371 2620 2533 2667">
    <p class='ocr_par' dir='ltr' id='par_1_5' title="bbox 371 2620 2533 2667">
     <span class='ocr_line' id='line_1_32' title="bbox 371 2620 2533 2667; baseline -0.001 -12"><span class='ocrx_word' id='word_1_403' title='bbox 371 2626 484 2666; x_wconf 69' lang='grc' dir='ltr'><strong><em>ψυχῆς</em></strong></span> <span class='ocrx_word' id='word_1_404' title='bbox 510 2621 594 2664; x_wconf 70' lang='grc' dir='ltr'><em>ἄχρι</em></span> <span class='ocrx_word' id='word_1_405' title='bbox 620 2621 677 2661; x_wconf 65' lang='grc' dir='ltr'>τῆς</span> <span class='ocrx_word' id='word_1_406' title='bbox 705 2620 878 2664; x_wconf 66' lang='grc' dir='ltr'>ἐμψύχου</span> <span class='ocrx_word' id='word_1_407' title='bbox 905 2621 1008 2660; x_wconf 57' lang='lat' dir='ltr'>{Enoc</span> <span class='ocrx_word' id='word_1_408' title='bbox 1036 2625 1379 2661; x_wconf 68' lang='grc' dir='ltr'>ιὶῑιαθανατίζουσιν,</span> <span class='ocrx_word' id='word_1_409' title='bbox 1407 2624 1457 2659; x_wconf 75' lang='grc' dir='ltr'>ὥς</span> <span class='ocrx_word' id='word_1_410' title='bbox 1484 2623 1713 2667; x_wconf 65' lang='grc' dir='ltr'><em>Νουμήνιος·</em></span> <span class='ocrx_word' id='word_1_411' title='bbox 1752 2624 1786 2654; x_wconf 88' lang='grc' dir='ltr'>οἱ</span> <span class='ocrx_word' id='word_1_412' title='bbox 1815 2622 1854 2652; x_wconf 72' lang='grc' dir='ltr'>δὲ</span> <span class='ocrx_word' id='word_1_413' title='bbox 1880 2625 1987 2665; x_wconf 65' lang='grc' dir='ltr'><em>μέχρι</em></span> <span class='ocrx_word' id='word_1_414' title='bbox 2015 2624 2071 2660; x_wconf 70' lang='grc' dir='ltr'>τῆς</span> <span class='ocrx_word' id='word_1_415' title='bbox 2097 2620 2263 2663; x_wconf 68' lang='grc' dir='ltr'>ἀλογίας,</span> <span class='ocrx_word' id='word_1_416' title='bbox 2291 2621 2340 2655; x_wconf 72' lang='grc' dir='ltr'>ὠς</span> <span class='ocrx_word' id='word_1_417' title='bbox 2366 2623 2436 2652; x_wconf 76' lang='grc' dir='ltr'>τῶν</span> <span class='ocrx_word' id='word_1_418' title='bbox 2460 2621 2533 2665; x_wconf 77' lang='grc' dir='ltr'>μὲν</span> 
     </span>
    </p>
   </div>
   <div class='ocr_carea' id='block_1_6' title="bbox 368 2678 2532 3020">
    <p class='ocr_par' dir='ltr' id='par_1_6' title="bbox 368 2678 2532 3020">
     <span class='ocr_line' id='line_1_33' title="bbox 369 2678 2531 2725; baseline 0 -11"><span class='ocrx_word' id='word_1_419' title='bbox 369 2682 534 2714; x_wconf 78' lang='grc' dir='ltr'><em>παλαιῶν</em></span> <span class='ocrx_word' id='word_1_420' title='bbox 562 2680 778 2723; x_wconf 52' lang='grc' dir='ltr'>Ξενοκριὴῃς</span> <span class='ocrx_word' id='word_1_421' title='bbox 805 2682 862 2711; x_wconf 76' lang='grc' dir='ltr'>καὶ</span> <span class='ocrx_word' id='word_1_422' title='bbox 882 2680 1134 2719; x_wconf 78' lang='grc' dir='ltr'><strong>Σπεύσιππος.</strong></span> <span class='ocrx_word' id='word_1_423' title='bbox 1163 2683 1218 2716; x_wconf 83' lang='lat' dir='ltr'>Cf.</span> <span class='ocrx_word' id='word_1_424' title='bbox 1246 2684 1400 2716; x_wconf 85' lang='lat' dir='ltr'>Krische.</span> <span class='ocrx_word' id='word_1_425' title='bbox 1429 2683 1452 2715; x_wconf 89' lang='lat' dir='ltr'>l.</span> <span class='ocrx_word' id='word_1_426' title='bbox 1481 2684 1504 2715; x_wconf 91' lang='lat' dir='ltr'>l.</span> <span class='ocrx_word' id='word_1_427' title='bbox 1533 2694 1567 2725; x_wconf 87' lang='lat' dir='ltr'>p.</span> <span class='ocrx_word' id='word_1_428' title='bbox 1596 2681 1681 2717; x_wconf 80' lang='grc'><strong>257.</strong></span> <span class='ocrx_word' id='word_1_429' title='bbox 1709 2682 1863 2714; x_wconf 69' lang='lat' dir='ltr'>Brandis.</span> <span class='ocrx_word' id='word_1_430' title='bbox 1893 2682 1914 2712; x_wconf 90' lang='lat' dir='ltr'>l.</span> <span class='ocrx_word' id='word_1_431' title='bbox 1943 2681 1964 2712; x_wconf 85' lang='lat'>1.</span> <span class='ocrx_word' id='word_1_432' title='bbox 1994 2681 2040 2720; x_wconf 89' lang='grc' dir='ltr'>ΙΙ,</span> <span class='ocrx_word' id='word_1_433' title='bbox 2063 2680 2082 2712; x_wconf 84' lang='lat'><strong>2</strong></span> <span class='ocrx_word' id='word_1_434' title='bbox 2111 2691 2143 2721; x_wconf 89' lang='lat' dir='ltr'>p.</span> <span class='ocrx_word' id='word_1_435' title='bbox 2169 2679 2227 2712; x_wconf 79' lang='lat'>26.</span> <span class='ocrx_word' id='word_1_436' title='bbox 2248 2697 2288 2702; x_wconf 94' lang='lat'><strong>—</strong></span> <span class='ocrx_word' id='word_1_437' title='bbox 2313 2678 2341 2717; x_wconf 85' lang='lat'>²)</span> <span class='ocrx_word' id='word_1_438' title='bbox 2369 2681 2531 2714; x_wconf 88' lang='lat' dir='ltr'>Krische.</span> 
     </span>
     <span class='ocr_line' id='line_1_34' title="bbox 368 2737 2531 2783; baseline -0 -11"><span class='ocrx_word' id='word_1_439' title='bbox 368 2751 402 2782; x_wconf 89' lang='lat' dir='ltr'>p.</span> <span class='ocrx_word' id='word_1_440' title='bbox 431 2740 516 2773; x_wconf 86' lang='grc'><strong>330.</strong></span> <span class='ocrx_word' id='word_1_441' title='bbox 552 2740 702 2772; x_wconf 75' lang='lat' dir='ltr'>Brandis</span> <span class='ocrx_word' id='word_1_442' title='bbox 729 2739 774 2770; x_wconf 92' lang='lat' dir='ltr'>ib.</span> <span class='ocrx_word' id='word_1_443' title='bbox 803 2750 835 2779; x_wconf 85' lang='lat' dir='ltr'>p.</span> <span class='ocrx_word' id='word_1_444' title='bbox 867 2740 900 2771; x_wconf 80' lang='lat'>5.</span> <span class='ocrx_word' id='word_1_445' title='bbox 929 2757 978 2764; x_wconf 93' lang='lat'>—</span> <span class='ocrx_word' id='word_1_446' title='bbox 1015 2737 1043 2778; x_wconf 74' lang='lat'>³)</span> <span class='ocrx_word' id='word_1_447' title='bbox 1072 2743 1172 2782; x_wconf 85' lang='lat' dir='ltr'>Diog.</span> <span class='ocrx_word' id='word_1_448' title='bbox 1201 2743 1240 2773; x_wconf 78' lang='lat'>1..</span> <span class='ocrx_word' id='word_1_449' title='bbox 1268 2743 1301 2773; x_wconf 93' lang='lat' dir='ltr'>V</span> <span class='ocrx_word' id='word_1_450' title='bbox 1330 2742 1376 2774; x_wconf 80' lang='lat'>89</span> <span class='ocrx_word' id='word_1_451' title='bbox 1404 2753 1474 2783; x_wconf 71' lang='lat' dir='ltr'>sqq.</span> <span class='ocrx_word' id='word_1_452' title='bbox 1520 2743 1591 2773; x_wconf 89' lang='lat' dir='ltr'>Cic.</span> <span class='ocrx_word' id='word_1_453' title='bbox 1620 2742 1697 2772; x_wconf 72' lang='lat' dir='ltr'>Nar.</span> <span class='ocrx_word' id='word_1_454' title='bbox 1726 2742 1826 2771; x_wconf 79' lang='lat' dir='ltr'>Dcor.</span> <span class='ocrx_word' id='word_1_455' title='bbox 1856 2741 1872 2770; x_wconf 93' lang='grc' dir='ltr'>Ι</span> <span class='ocrx_word' id='word_1_456' title='bbox 1905 2740 1958 2779; x_wconf 85' lang='lat'>13,</span> <span class='ocrx_word' id='word_1_457' title='bbox 1986 2737 2045 2771; x_wconf 71' lang='lat'>34.</span> <span class='ocrx_word' id='word_1_458' title='bbox 2076 2754 2122 2760; x_wconf 93' lang='lat'>-—</span> <span class='ocrx_word' id='word_1_459' title='bbox 2150 2737 2180 2778; x_wconf 77' lang='lat'>⁴)</span> <span class='ocrx_word' id='word_1_460' title='bbox 2209 2739 2310 2780; x_wconf 81' lang='lat' dir='ltr'>Diog.</span> <span class='ocrx_word' id='word_1_461' title='bbox 2339 2739 2378 2770; x_wconf 88' lang='lat' dir='ltr'>L.</span> <span class='ocrx_word' id='word_1_462' title='bbox 2407 2738 2442 2770; x_wconf 86' lang='lat' dir='ltr'>V</span> <span class='ocrx_word' id='word_1_463' title='bbox 2468 2739 2531 2773; x_wconf 84' lang='lat'>87.</span> 
     </span>
     <span class='ocr_line' id='line_1_35' title="bbox 375 2797 2531 2842; baseline 0 -11"><span class='ocrx_word' id='word_1_464' title='bbox 375 2799 436 2831; x_wconf 79' lang='lat'>88.</span> <span class='ocrx_word' id='word_1_465' title='bbox 466 2816 512 2822; x_wconf 89' lang='lat'>—-·</span> <span class='ocrx_word' id='word_1_466' title='bbox 542 2797 571 2840; x_wconf 80' lang='lat'>⁵)</span> <span class='ocrx_word' id='word_1_467' title='bbox 601 2798 671 2830; x_wconf 68' lang='lat' dir='ltr'>Civ.</span> <span class='ocrx_word' id='word_1_468' title='bbox 701 2797 804 2830; x_wconf 75' lang='lat' dir='ltr'>TUSC.</span> <span class='ocrx_word' id='word_1_469' title='bbox 831 2799 848 2830; x_wconf 90' lang='grc' dir='ltr'>Ῐ</span> <span class='ocrx_word' id='word_1_470' title='bbox 877 2799 935 2840; x_wconf 78' lang='lat'>31,</span> <span class='ocrx_word' id='word_1_471' title='bbox 968 2800 1024 2833; x_wconf 88' lang='grc'><strong>77.</strong></span> <span class='ocrx_word' id='word_1_472' title='bbox 1061 2818 1108 2824; x_wconf 85' lang='lat'>—</span> <span class='ocrx_word' id='word_1_473' title='bbox 1142 2797 1173 2842; x_wconf 83' lang='lat'>0)</span> <span class='ocrx_word' id='word_1_474' title='bbox 1201 2801 1253 2834; x_wconf 93' lang='lat' dir='ltr'>Ib.</span> <span class='ocrx_word' id='word_1_475' title='bbox 1286 2800 1341 2841; x_wconf 84' lang='lat'>10,</span> <span class='ocrx_word' id='word_1_476' title='bbox 1369 2800 1427 2833; x_wconf 80' lang='lat'>21.</span> <span class='ocrx_word' id='word_1_477' title='bbox 1471 2817 1517 2823; x_wconf 90' lang='lat'>—</span> <span class='ocrx_word' id='word_1_478' title='bbox 1555 2797 1582 2840; x_wconf 85' lang='grc'>7)</span> <span class='ocrx_word' id='word_1_479' title='bbox 1609 2798 1788 2833; x_wconf 81' lang='lat' dir='ltr'>Platonem</span> <span class='ocrx_word' id='word_1_480' title='bbox 1814 2799 1857 2830; x_wconf 83' lang='lat' dir='ltr'>ab</span> <span class='ocrx_word' id='word_1_481' title='bbox 1885 2809 1923 2830; x_wconf 82' lang='lat' dir='ltr'>eo</span> <span class='ocrx_word' id='word_1_482' title='bbox 1951 2799 2181 2839; x_wconf 81' lang='lat' dir='ltr'>impugnatum</span> <span class='ocrx_word' id='word_1_483' title='bbox 2208 2808 2283 2830; x_wconf 88' lang='lat' dir='ltr'>esse</span> <span class='ocrx_word' id='word_1_484' title='bbox 2310 2799 2411 2830; x_wconf 83' lang='lat' dir='ltr'>tradit</span> <span class='ocrx_word' id='word_1_485' title='bbox 2436 2798 2531 2832; x_wconf 85' lang='lat' dir='ltr'>Plut.</span> 
     </span>
     <span class='ocr_line' id='line_1_36' title="bbox 372 2852 2532 2902; baseline 0 -13"><span class='ocrx_word' id='word_1_486' title='bbox 372 2859 446 2891; x_wconf 85' lang='lat' dir='ltr'>adv.</span> <span class='ocrx_word' id='word_1_487' title='bbox 477 2858 588 2892; x_wconf 90' lang='lat' dir='ltr'>Colot.</span> <span class='ocrx_word' id='word_1_488' title='bbox 618 2868 647 2892; x_wconf 86' lang='lat' dir='ltr'>e.</span> <span class='ocrx_word' id='word_1_489' title='bbox 662 2856 762 2889; x_wconf 84' lang='lat' dir='ltr'>XIV.</span> <span class='ocrx_word' id='word_1_490' title='bbox 791 2872 838 2878; x_wconf 86' lang='grc'>-</span> <span class='ocrx_word' id='word_1_491' title='bbox 866 2852 897 2896; x_wconf 75' lang='lat'>³)</span> <span class='ocrx_word' id='word_1_492' title='bbox 924 2860 1078 2893; x_wconf 82' lang='lat' dir='ltr'>Macrob.</span> <span class='ocrx_word' id='word_1_493' title='bbox 1104 2860 1355 2902; x_wconf 82' lang='lat' dir='ltr'>Somn.Scip.1</span> <span class='ocrx_word' id='word_1_494' title='bbox 1372 2859 1404 2892; x_wconf 81' lang='lat'>2.</span> <span class='ocrx_word' id='word_1_495' title='bbox 1435 2859 1489 2892; x_wconf 80' lang='lat' dir='ltr'>Cf.</span> <span class='ocrx_word' id='word_1_496' title='bbox 1517 2859 1752 2901; x_wconf 79' lang='lat' dir='ltr'>Wyttcnbach.</span> <span class='ocrx_word' id='word_1_497' title='bbox 1776 2859 1817 2889; x_wconf 84' lang='lat' dir='ltr'>ad</span> <span class='ocrx_word' id='word_1_498' title='bbox 1845 2858 2020 2889; x_wconf 77' lang='lat' dir='ltr'>Plutarch.</span> <span class='ocrx_word' id='word_1_499' title='bbox 2047 2858 2087 2888; x_wconf 88' lang='lat' dir='ltr'>dc</span> <span class='ocrx_word' id='word_1_500' title='bbox 2116 2867 2190 2888; x_wconf 81' lang='lat' dir='ltr'>sera</span> <span class='ocrx_word' id='word_1_501' title='bbox 2214 2858 2361 2889; x_wconf 81' lang='lat' dir='ltr'>numinis</span> <span class='ocrx_word' id='word_1_502' title='bbox 2387 2858 2532 2890; x_wconf 82' lang='lat' dir='ltr'>vindicta</span> 
     </span>
     <span class='ocr_line' id='line_1_37' title="bbox 368 2911 2529 2963; baseline -0.001 -13"><span class='ocrx_word' id='word_1_503' title='bbox 368 2928 402 2958; x_wconf 88' lang='lat' dir='ltr'>p.</span> <span class='ocrx_word' id='word_1_504' title='bbox 431 2917 479 2950; x_wconf 89' lang='lat'>89</span> <span class='ocrx_word' id='word_1_505' title='bbox 507 2929 555 2960; x_wconf 87' lang='lat' dir='ltr'>sq.</span> <span class='ocrx_word' id='word_1_506' title='bbox 609 2916 776 2948; x_wconf 82' lang='lat' dir='ltr'>Mullach.</span> <span class='ocrx_word' id='word_1_507' title='bbox 804 2917 988 2950; x_wconf 80' lang='lat' dir='ltr'>Democriti</span> <span class='ocrx_word' id='word_1_508' title='bbox 1014 2920 1134 2962; x_wconf 81' lang='lat' dir='ltr'>fragm.</span> <span class='ocrx_word' id='word_1_509' title='bbox 1163 2931 1196 2963; x_wconf 90' lang='lat' dir='ltr'>p.</span> <span class='ocrx_word' id='word_1_510' title='bbox 1228 2920 1310 2952; x_wconf 78' lang='lat'>115.</span> <span class='ocrx_word' id='word_1_511' title='bbox 1342 2934 1387 2940; x_wconf 78' lang='grc'>-</span> <span class='ocrx_word' id='word_1_512' title='bbox 1414 2913 1446 2959; x_wconf 85' lang='lat'>⁹)</span> <span class='ocrx_word' id='word_1_513' title='bbox 1474 2919 1637 2951; x_wconf 74' lang='lat' dir='ltr'>Mullueh.</span> <span class='ocrx_word' id='word_1_514' title='bbox 1667 2918 1689 2951; x_wconf 91' lang='lat'>1.</span> <span class='ocrx_word' id='word_1_515' title='bbox 1719 2919 1741 2949; x_wconf 91' lang='lat' dir='ltr'>l.</span> <span class='ocrx_word' id='word_1_516' title='bbox 1771 2928 1803 2960; x_wconf 90' lang='lat' dir='ltr'>p.</span> <span class='ocrx_word' id='word_1_517' title='bbox 1836 2914 1918 2948; x_wconf 70' lang='lat'>114.</span> <span class='ocrx_word' id='word_1_518' title='bbox 1947 2932 1994 2939; x_wconf 72' lang='lat'><em>—</em></span> <span class='ocrx_word' id='word_1_519' title='bbox 2026 2911 2071 2957; x_wconf 88' lang='lat'>¹⁰)</span> <span class='ocrx_word' id='word_1_520' title='bbox 2098 2916 2254 2949; x_wconf 80' lang='lat' dir='ltr'>Eundem</span> <span class='ocrx_word' id='word_1_521' title='bbox 2280 2917 2404 2949; x_wconf 89' lang='lat' dir='ltr'>librum</span> <span class='ocrx_word' id='word_1_522' title='bbox 2427 2915 2529 2961; x_wconf 74' lang='grc' dir='ltr'>(περὶ</span> 
     </span>
     <span class='ocr_line' id='line_1_38' title="bbox 368 2977 2530 3020; baseline -0.001 -12"><span class='ocrx_word' id='word_1_523' title='bbox 368 2978 424 3017; x_wconf 76' lang='grc' dir='ltr'>τῆς</span> <span class='ocrx_word' id='word_1_524' title='bbox 461 2977 594 3018; x_wconf 72' lang='grc' dir='ltr'>ἄπνου)</span> <span class='ocrx_word' id='word_1_525' title='bbox 628 2986 865 3010; x_wconf 79' lang='lat' dir='ltr'>commemorat</span> <span class='ocrx_word' id='word_1_526' title='bbox 890 2981 1061 3020; x_wconf 85' lang='lat' dir='ltr'>Diogenes</span> <span class='ocrx_word' id='word_1_527' title='bbox 1087 2982 1200 3012; x_wconf 79' lang='lat' dir='ltr'>Laert.</span> <span class='ocrx_word' id='word_1_528' title='bbox 1237 2983 1270 3011; x_wconf 92' lang='lat' dir='ltr'>in</span> <span class='ocrx_word' id='word_1_529' title='bbox 1309 2988 1456 3020; x_wconf 87' lang='lat' dir='ltr'>prooem.</span> <span class='ocrx_word' id='word_1_530' title='bbox 1493 2989 1521 3009; x_wconf 84' lang='lat' dir='ltr'>c.</span> <span class='ocrx_word' id='word_1_531' title='bbox 1548 2980 1630 3009; x_wconf 88' lang='lat' dir='ltr'>XII.</span> <span class='ocrx_word' id='word_1_532' title='bbox 1666 2994 1716 3000; x_wconf 94' lang='lat'><strong>—</strong></span> <span class='ocrx_word' id='word_1_533' title='bbox 1759 2978 1803 3016; x_wconf 84' lang='lat'>²¹)</span> <span class='ocrx_word' id='word_1_534' title='bbox 1842 2978 1925 3007; x_wconf 66' lang='lat' dir='ltr'>Post</span> <span class='ocrx_word' id='word_1_535' title='bbox 1959 2977 2176 3007; x_wconf 81' lang='lat' dir='ltr'>Heraclidem</span> <span class='ocrx_word' id='word_1_536' title='bbox 2211 2978 2359 3008; x_wconf 82' lang='lat' dir='ltr'>eiusdem</span> <span class='ocrx_word' id='word_1_537' title='bbox 2399 2978 2530 3017; x_wconf 79' lang='lat' dir='ltr'>generis</span> 
     </span>
    </p>
   </div>
   <div class='ocr_carea' id='block_1_7' title="bbox 367 3036 2531 3321">
    <p class='ocr_par' dir='ltr' id='par_1_7' title="bbox 367 3036 2531 3321">
     <span class='ocr_line' id='line_1_39' title="bbox 370 3036 2531 3080; baseline -0.001 -11"><span class='ocrx_word' id='word_1_538' title='bbox 370 3037 527 3080; x_wconf 84' lang='lat' dir='ltr'>exempla</span> <span class='ocrx_word' id='word_1_539' title='bbox 553 3038 610 3071; x_wconf 83' lang='lat' dir='ltr'>alii</span> <span class='ocrx_word' id='word_1_540' title='bbox 637 3036 732 3070; x_wconf 87' lang='lat' dir='ltr'>multi</span> <span class='ocrx_word' id='word_1_541' title='bbox 765 3038 941 3080; x_wconf 84' lang='lat' dir='ltr'>scriptores</span> <span class='ocrx_word' id='word_1_542' title='bbox 967 3048 1206 3080; x_wconf 73' lang='lat' dir='ltr'>congesserunt</span> <span class='ocrx_word' id='word_1_543' title='bbox 1233 3048 1266 3072; x_wconf 90' lang='lat' dir='ltr'>et</span> <span class='ocrx_word' id='word_1_544' title='bbox 1284 3039 1403 3072; x_wconf 73' lang='lat' dir='ltr'>Gracci</span> <span class='ocrx_word' id='word_1_545' title='bbox 1430 3046 1462 3070; x_wconf 89' lang='lat' dir='ltr'>et</span> <span class='ocrx_word' id='word_1_546' title='bbox 1484 3039 1635 3074; x_wconf 67' lang='lat' dir='ltr'>Romani,</span> <span class='ocrx_word' id='word_1_547' title='bbox 1663 3049 1681 3069; x_wconf 87' lang='lat' dir='ltr'>c</span> <span class='ocrx_word' id='word_1_548' title='bbox 1700 3039 1820 3078; x_wconf 86' lang='lat' dir='ltr'>quibus</span> <span class='ocrx_word' id='word_1_549' title='bbox 1848 3048 2071 3069; x_wconf 86' lang='lat' dir='ltr'>commemoro</span> <span class='ocrx_word' id='word_1_550' title='bbox 2097 3037 2292 3069; x_wconf 76' lang='lat' dir='ltr'>Labeonem</span> <span class='ocrx_word' id='word_1_551' title='bbox 2321 3037 2382 3077; x_wconf 85' lang='lat' dir='ltr'>(cf.</span> <span class='ocrx_word' id='word_1_552' title='bbox 2401 3037 2436 3069; x_wconf 90' lang='lat' dir='ltr'>S.</span> <span class='ocrx_word' id='word_1_553' title='bbox 2458 3038 2531 3069; x_wconf 86' lang='lat' dir='ltr'>Au-</span> 
     </span>
     <span class='ocr_line' id='line_1_40' title="bbox 368 3095 2530 3139; baseline 0 -12"><span class='ocrx_word' id='word_1_554' title='bbox 368 3096 489 3136; x_wconf 84' lang='lat' dir='ltr'>gustin.</span> <span class='ocrx_word' id='word_1_555' title='bbox 518 3097 559 3130; x_wconf 86' lang='lat' dir='ltr'>de</span> <span class='ocrx_word' id='word_1_556' title='bbox 585 3097 647 3129; x_wconf 74' lang='lat' dir='ltr'>ciV.</span> <span class='ocrx_word' id='word_1_557' title='bbox 675 3097 741 3130; x_wconf 87' lang='lat' dir='ltr'>Dei</span> <span class='ocrx_word' id='word_1_558' title='bbox 768 3098 826 3130; x_wconf 90' lang='lat' dir='ltr'>lib.</span> <span class='ocrx_word' id='word_1_559' title='bbox 854 3098 960 3130; x_wconf 82' lang='lat' dir='ltr'>XXII</span> <span class='ocrx_word' id='word_1_560' title='bbox 987 3108 1018 3131; x_wconf 90' lang='lat' dir='ltr'>c.</span> <span class='ocrx_word' id='word_1_561' title='bbox 1047 3098 1124 3139; x_wconf 71' lang='lat'>28),</span> <span class='ocrx_word' id='word_1_562' title='bbox 1152 3099 1301 3131; x_wconf 87' lang='lat' dir='ltr'>Plinium</span> <span class='ocrx_word' id='word_1_563' title='bbox 1319 3098 1405 3130; x_wconf 84' lang='lat' dir='ltr'>Hist.</span> <span class='ocrx_word' id='word_1_564' title='bbox 1423 3097 1502 3130; x_wconf 85' lang='lat' dir='ltr'>Nat.</span> <span class='ocrx_word' id='word_1_565' title='bbox 1517 3097 1588 3130; x_wconf 92' lang='lat' dir='ltr'>VII</span> <span class='ocrx_word' id='word_1_566' title='bbox 1609 3095 1666 3137; x_wconf 82' lang='lat'>53,</span> <span class='ocrx_word' id='word_1_567' title='bbox 1695 3097 1854 3129; x_wconf 89' lang='lat' dir='ltr'>Proclum</span> <span class='ocrx_word' id='word_1_568' title='bbox 1881 3097 1915 3128; x_wconf 87' lang='lat' dir='ltr'>in</span> <span class='ocrx_word' id='word_1_569' title='bbox 1942 3097 2181 3129; x_wconf 77' lang='lat' dir='ltr'>commentario</span> <span class='ocrx_word' id='word_1_570' title='bbox 2201 3097 2244 3128; x_wconf 83' lang='lat' dir='ltr'>ad</span> <span class='ocrx_word' id='word_1_571' title='bbox 2271 3096 2362 3128; x_wconf 73' lang='lat' dir='ltr'>Plat.</span> <span class='ocrx_word' id='word_1_572' title='bbox 2390 3097 2431 3128; x_wconf 88' lang='lat' dir='ltr'>de</span> <span class='ocrx_word' id='word_1_573' title='bbox 2459 3106 2530 3138; x_wconf 89' lang='lat' dir='ltr'>rep.</span> 
     </span>
     <span class='ocr_line' id='line_1_41' title="bbox 369 3154 2531 3200; baseline 0 -14"><span class='ocrx_word' id='word_1_574' title='bbox 369 3154 445 3189; x_wconf 83' lang='lat' dir='ltr'>libr.</span> <span class='ocrx_word' id='word_1_575' title='bbox 470 3156 515 3188; x_wconf 87' lang='lat' dir='ltr'>X.</span> <span class='ocrx_word' id='word_1_576' title='bbox 569 3156 700 3189; x_wconf 80' lang='lat' dir='ltr'>Plinius</span> <span class='ocrx_word' id='word_1_577' title='bbox 727 3158 839 3200; x_wconf 86' lang='lat' dir='ltr'>ipsum</span> <span class='ocrx_word' id='word_1_578' title='bbox 866 3158 1094 3190; x_wconf 82' lang='lat' dir='ltr'>Democritum</span> <span class='ocrx_word' id='word_1_579' title='bbox 1120 3159 1335 3191; x_wconf 86' lang='lat' dir='ltr'>reviviscendi</span> <span class='ocrx_word' id='word_1_580' title='bbox 1369 3157 1462 3190; x_wconf 79' lang='lat' dir='ltr'>illam</span> <span class='ocrx_word' id='word_1_581' title='bbox 1488 3158 1666 3189; x_wconf 77' lang='lat' dir='ltr'>vanitatem</span> <span class='ocrx_word' id='word_1_582' title='bbox 1693 3157 1885 3198; x_wconf 81' lang='lat' dir='ltr'>promisisse</span> <span class='ocrx_word' id='word_1_583' title='bbox 1922 3156 2105 3198; x_wconf 84' lang='lat' dir='ltr'>significat;</span> <span class='ocrx_word' id='word_1_584' title='bbox 2142 3156 2286 3189; x_wconf 82' lang='lat' dir='ltr'>Procius</span> <span class='ocrx_word' id='word_1_585' title='bbox 2313 3166 2355 3187; x_wconf 87' lang='lat' dir='ltr'>ex</span> <span class='ocrx_word' id='word_1_586' title='bbox 2383 3157 2531 3187; x_wconf 86' lang='lat' dir='ltr'>eiusdem</span> 
     </span>
     <span class='ocr_line' id='line_1_42' title="bbox 367 3213 2529 3260; baseline 0 -14"><span class='ocrx_word' id='word_1_587' title='bbox 367 3213 564 3257; x_wconf 85' lang='lat' dir='ltr'>philosophi</span> <span class='ocrx_word' id='word_1_588' title='bbox 591 3217 632 3248; x_wconf 88' lang='lat' dir='ltr'>de</span> <span class='ocrx_word' id='word_1_589' title='bbox 659 3217 749 3249; x_wconf 90' lang='lat' dir='ltr'>Orco</span> <span class='ocrx_word' id='word_1_590' title='bbox 774 3218 860 3249; x_wconf 81' lang='lat' dir='ltr'>libro</span> <span class='ocrx_word' id='word_1_591' title='bbox 886 3218 996 3249; x_wconf 82' lang='lat' dir='ltr'>locum</span> <span class='ocrx_word' id='word_1_592' title='bbox 1024 3217 1137 3259; x_wconf 77' lang='lat' dir='ltr'>affert,</span> <span class='ocrx_word' id='word_1_593' title='bbox 1173 3219 1260 3250; x_wconf 80' lang='lat' dir='ltr'>unde</span> <span class='ocrx_word' id='word_1_594' title='bbox 1288 3224 1427 3260; x_wconf 80' lang='lat' dir='ltr'>apparet</span> <span class='ocrx_word' id='word_1_595' title='bbox 1452 3217 1519 3249; x_wconf 80' lang='lat' dir='ltr'>tale</span> <span class='ocrx_word' id='word_1_596' title='bbox 1547 3218 1716 3249; x_wconf 81' lang='lat' dir='ltr'>decretum</span> <span class='ocrx_word' id='word_1_597' title='bbox 1743 3217 1785 3249; x_wconf 79' lang='lat' dir='ltr'>ab</span> <span class='ocrx_word' id='word_1_598' title='bbox 1813 3216 1872 3249; x_wconf 87' lang='lat' dir='ltr'>illo</span> <span class='ocrx_word' id='word_1_599' title='bbox 1898 3215 2005 3250; x_wconf 77' lang='lat' dir='ltr'>fuisse</span> <span class='ocrx_word' id='word_1_600' title='bbox 2032 3216 2190 3249; x_wconf 75' lang='lat' dir='ltr'>alienum.</span> <span class='ocrx_word' id='word_1_601' title='bbox 2243 3215 2332 3248; x_wconf 80' lang='lat' dir='ltr'>Vide</span> <span class='ocrx_word' id='word_1_602' title='bbox 2361 3215 2529 3249; x_wconf 81' lang='lat' dir='ltr'>Mullach.</span> 
     </span>
     <span class='ocr_line' id='line_1_43' title="bbox 367 3273 2218 3321; baseline 0.003 -18"><span class='ocrx_word' id='word_1_603' title='bbox 367 3273 391 3304; x_wconf 89' lang='lat' dir='ltr'>l.</span> <span class='ocrx_word' id='word_1_604' title='bbox 416 3274 442 3305; x_wconf 88' lang='lat' dir='ltr'>l.</span> <span class='ocrx_word' id='word_1_605' title='bbox 470 3284 503 3318; x_wconf 90' lang='lat' dir='ltr'>p.</span> <span class='ocrx_word' id='word_1_606' title='bbox 537 3276 604 3308; x_wconf 78' lang='lat'>112</span> <span class='ocrx_word' id='word_1_607' title='bbox 636 3287 706 3321; x_wconf 84' lang='lat' dir='ltr'>sqq.</span> <span class='ocrx_word' id='word_1_608' title='bbox 2210 3274 2218 3281; x_wconf 84' lang='grc'><strong>”</strong></span> 
     </span>
    </p>
   </div>
   <div class='ocr_carea' id='block_1_8' title="bbox 2204 3343 2243 3377">
    <p class='ocr_par' dir='ltr' id='par_1_8' title="bbox 2204 3343 2243 3377">
     <span class='ocr_line' id='line_1_44' title="bbox 2204 3343 2243 3377; baseline 0 -17"><span class='ocrx_word' id='word_1_609' title='bbox 2204 3343 2243 3377; x_wconf 66' lang='lat'>5*</span> 
     </span>
    </p>
   </div>
  </div>
 </body>
</html>
