2744 3711
1237 253 1524 295 *29-

217 392 345 430 tutum
363 385 475 429 videt
501 386 541 428 in
571 386 659 440 ipso
679 385 852 439 homine,
880 385 995 427 cuius
1024 386 1206 427 animum
1223 385 1331 427 omni
1359 390 1451 428 ante
1477 391 1591 428 actae
1617 385 1756 427 aetatis
1784 383 2066 427 recordatione
2084 391 2125 427 et
2145 398 2280 429 rerum
2298 388 2533 445 cognitione

214 471 387 502 vacuum
406 461 692 517 progrediente
711 461 868 501 demum
889 466 1017 501 aetate
1037 460 1187 514 pariter
1199 471 1290 500 cum
1311 471 1484 514 corpore
1501 458 1670 501 excitari
1688 465 1805 513 atque
1824 459 1920 515 fingi
1939 459 2036 501 dicit
2050 459 2106 516 ¹).
2129 461 2234 502 Haec
2253 451 2382 517 igitur
2399 464 2533 505 omnia

216 535 411 578 simillima
447 541 540 579 sunt
576 535 782 578 doctrinae
817 534 1069 588 Aristotelis,
1105 535 1173 589 qui
1211 539 1361 576 certam
1399 534 1479 575 vim
1517 532 1723 575 animalem
1760 540 1872 577 certo
1915 535 2050 577 inesse
2085 537 2247 589 corpori
2282 543 2324 579 et
2361 547 2536 591 corpore
2594 570 2596 572 ,

216 614 502 660 procrescente
531 609 647 651 animi
677 608 790 650 aliam
819 609 899 650 vim
937 620 989 649 ex
1017 607 1093 649 alia
1121 609 1235 662 quasi
1262 608 1453 662 explicari
1492 614 1534 650 et
1568 607 1747 649 animalis
1775 608 2024 663 hominisque
2061 615 2240 651 naturam
2270 611 2406 664 perfici
2433 623 2531 665 per-

216 682 347 735 spexit
367 680 426 738 2).
485 682 733 733 Aristobde
771 695 864 738 gen.
902 683 1020 725 anim.
1048 682 1084 725 ll
1115 685 1155 727 3.
1219 680 1280 723 Οὐ
1307 681 1387 736 γάρ
1425 679 1513 734 ἅμα
1550 679 1705 735 γίνεται
1736 681 1844 731 ζῶον
1883 681 1958 725 καί
1996 677 2246 737 ἄνθρωπος,
2286 681 2383 726 οὐδὲ
2424 684 2533 736 ζῶον

218 753 294 796 καί
323 754 457 804 ἵππος.
512 753 688 808 Ὁμοίως
725 755 770 797 δὲ
800 755 873 798 καί
903 756 974 797 ἐπὶ
1002 755 1087 796 τῶν
1117 751 1258 796 ἄλλων
1287 753 1415 805 ζώων.
1481 751 1651 807 “Υςέρον
1677 754 1757 807 γάρ
1795 755 1951 808 γίνεται
1988 756 2035 798 τῦ
2064 755 2195 805 τέλος.
2259 757 2317 798 Τὸ
2349 756 2393 798 δὲ
2425 755 2533 799 ἴδιόν

217 828 276 877 ἐςι
317 829 364 870 τῦ
394 825 541 878 ἑκάςου
577 830 651 884 τῆς
686 830 885 884 γενέσεως
922 830 1053 879 τέλος.
1113 830 1212 872 Cum
1249 830 1467 872 Aristotele
1505 843 1746 883 componere
1784 831 1918 875 licebit
1951 832 2108 874 Stoicos
2146 832 2325 875 dicentes
2364 834 2533 875 animum

216 901 380 957 igneum
418 904 458 945 in
488 904 658 947 humano
688 916 763 947 suo
791 917 963 960 corpore
1001 904 1218 946 mutatione
1257 901 1422 957 quadam
1458 903 1507 945 ad
1537 904 1682 946 virium
1720 903 2007 958 perfectionem
2044 904 2186 948 adduci
2205 904 2264 960 ³).
2323 904 2533 949 Lucretius

217 988 385 1030 prorsus
413 983 532 1033 negat
561 977 600 1019 id
629 978 736 1032 quod
766 978 1004 1033 Pythagorei
1034 984 1075 1021 et
1103 977 1212 1020 Plato
1235 976 1441 1029 dixerunt,
1490 976 1692 1020 bominum
1721 979 1873 1021 animos
1900 991 1973 1033 per
2001 980 2111 1022 varia
2140 990 2312 1032 corpora
2342 979 2532 1034 migrare3

216 1052 430 1094 assentitur
450 1052 524 1103 eis,
552 1053 620 1105 qui
649 1052 860 1094 humanum
889 1054 1060 1094 animum
1078 1056 1305 1095 statuerunt
1320 1051 1414 1092 nulli
1437 1051 1554 1092 buius
1583 1057 1714 1093 terrae
1737 1053 1923 1095 animanti
1952 1054 2027 1094 nisi
2055 1053 2202 1094 bomini
2234 1053 2368 1094 inesse
2391 1064 2530 1105 posse3

215 1123 307 1175 sed,
341 1125 446 1176 quod
475 1125 624 1167 eisdem
654 1125 898 1178 philosophis
927 1126 1056 1167 visum
1085 1131 1159 1176 est,
1188 1124 1432 1178 procedente
1461 1124 1619 1166 demum
1648 1131 1827 1178 tempore
1857 1126 2025 1168 bominis
2053 1127 2162 1168 vires
2190 1126 2350 1179 perfici,
2379 1127 2418 1168 id
2448 1127 2533 1179 ipse

215 1196 256 1238 in
286 1209 398 1240 suam
428 1200 662 1241 sententiam
692 1198 892 1255 trahitss).
951 1199 1048 1241 Cum
1078 1198 1307 1241 Aristotelis
1335 1198 1432 1252 illis,
1470 1211 1571 1253 quae
1600 1200 1718 1242 modo
1747 1200 1871 1254 attuli,
1902 1201 2037 1243 verbis
2065 1201 2106 1243 hi
2135 1200 2362 1243 Lucretiani
2391 1214 2532 1244 versus

217 1273 449 1315 conferendi
478 1280 571 1316 sunt
590 1275 653 1330 ⁵):

731 1348 792 1392 sin
823 1348 968 1390 animas
999 1347 1198 1390 hominum
1227 1347 1362 1390 dicent
1391 1349 1430 1390 in
1461 1360 1631 1403 corpora
1659 1360 1814 1404 semper

730 1422 790 1465 ire
818 1423 1009 1474 humana,
1039 1427 1168 1464 tamen
1196 1433 1382 1477 quaeram
1411 1433 1485 1464 cur
1514 1434 1537 1464 e
1566 1422 1734 1476 sapienti

730 1497 847 1540 stulta
876 1503 993 1551 queat
1021 1496 1131 1548 fieri,
1161 1508 1236 1538 nec
1266 1497 1440 1550 prudens
1471 1497 1652 1550 sitpuer
1682 1497 1801 1548 ullus,

730 1583 803 1613 nec
834 1577 911 1614 tam
940 1571 1081 1613 doctus
1110 1582 1236 1624 equae
1264 1570 1394 1624 pullus
1423 1581 1541 1623 quam
1570 1570 1684 1613 fortis
1713 1571 1805 1623 equi
1834 1571 1926 1611 vis?

214 1642 350 1697 ltaque
379 1644 501 1697 ipsam
532 1645 701 1687 hominis
731 1652 916 1696 mentem,
946 1646 1052 1699 quod
1082 1645 1160 1686 alio
1191 1651 1369 1699 tempore
1396 1645 1472 1686 alia
1500 1657 1593 1686 esse
1611 1651 1652 1686 et
1683 1651 1829 1686 mutata
1852 1645 2048 1695 videatur,
2078 1644 2284 1686 mortalem
2304 1657 2396 1686 esse
2426 1656 2530 1686 con-

211 1718 347 1760 cludit.

382 1792 476 1843 His,
516 1803 618 1844 quae
647 1790 848 1843 disputavi
888 1790 1145 1844 brevissime,
1188 1804 1310 1832 unum
1340 1792 1433 1833 satis
1462 1790 1686 1844 apparebit,
1725 1790 1951 1832 Lucretium
1991 1790 2075 1831 suis
2105 1792 2314 1833 sententiis
2342 1797 2530 1833 constare

211 1865 371 1917 optime.
429 1864 514 1905 Nec
543 1866 752 1917 quicquam
783 1864 1010 1917 discrepare
1038 1865 1199 1906 videtur
1228 1865 1444 1918 discipulus
1475 1877 1496 1905 a
1526 1864 1718 1918 magistro
1748 1863 1934 1916 Epicuro.
1985 1863 2082 1904 Nam
2112 1864 2270 1919 singula
2298 1870 2532 1919 argumenta

210 1948 262 1979 ex
292 1937 447 1980 duobus
477 1937 724 1991 potissimum
755 1936 908 1990 placitis
928 1936 1068 1980 effecta
1098 1941 1191 1980 sunt
1219 1938 1442 1992 Epicureis,
1471 1949 1642 1991 quorum
1662 1937 1828 1978 alterum
1859 1937 1907 1978 ad
1936 1937 2109 1979 intimam
2128 1944 2246 1992 atque
2265 1938 2531 2012 necessariam

210 2013 330 2054 animi
357 2018 398 2055 et
427 2013 609 2065 corporis
640 2013 951 2064 consortionem,
980 2011 1147 2054 alterum
1177 2012 1226 2054 ad
1254 2012 1466 2054 universae
1496 2017 1664 2053 naturae
1683 2011 1863 2052 ordinem
1893 2011 2094 2053 definitum
2125 2017 2242 2064 atque
2272 2012 2531 2054 constantiam

208 2091 372 2140 spectat.
431 2087 624 2137 Quoniam
654 2097 753 2129 vero
783 2086 822 2127 in
853 2086 988 2140 paucis
1018 2086 1095 2128 illis
1113 2085 1273 2140 Epicuri
1304 2085 1542 2139 scriptorum
1571 2085 1750 2140 reliquiis
1779 2086 1863 2139 ipsa
1894 2085 2034 2139 placita
2065 2086 2264 2141 graviora,
2293 2086 2530 2140 quibuscum

208 2158 392 2202 conferas
420 2160 678 2211 Lucretiam,
722 2159 954 2201 adumbrata
993 2166 1086 2201 sunt
1115 2160 1372 2210 brevissime,
1416 2166 1460 2201 ut
1489 2172 1591 2213 quae
1627 2161 1666 2201 in
1706 2159 1874 2214 singulis
1912 2159 2157 2212 exponendis
2194 2171 2239 2200 ac
2268 2158 2528 2203 defendendis

209 2234 420 2287 protulerit
448 2234 514 2274 ille
545 2246 625 2274 non
653 2239 800 2287 pateat,
828 2233 905 2274 hoc
934 2233 1010 2274 iam
1039 2234 1176 2286 paucis
1205 2234 1450 2274 constituere
1470 2234 1661 2285 conabor,
1691 2233 1836 2287 quibus
1866 2233 1906 2273 in
1936 2233 2166 2274 universum
2194 2233 2338 2274 finibus
2367 2239 2409 2275 et
2426 2233 2528 2286 Epi-

207 2319 332 2349 curus
360 2314 401 2350 et
429 2308 612 2361 discipuli
641 2319 796 2348 omnem
826 2307 932 2348 illam
961 2308 1012 2348 de
1040 2309 1261 2348 animorum
1291 2307 1529 2349 mortalitate
1549 2307 1854 2361 disputationem
1873 2307 2268 2360 circumscripserint.
2307 2307 2395 2348 Jam
2416 2307 2525 2361 quod

205 2381 303 2424 satis
333 2382 614 2436 comprobasse
643 2387 762 2435 puto,
792 2382 1020 2423 Aristotelis
1049 2382 1208 2435 quidem
1238 2382 1288 2422 de
1316 2382 1444 2422 anima
1473 2381 1656 2422 doctrina
1684 2382 1785 2422 haud
1825 2393 1946 2435 pauca
1976 2380 2271 2434 suppeditabat,
2308 2392 2412 2435 quae
2438 2382 2525 2423 suis

203 2457 414 2498 sententiis
443 2456 629 2509 Epicurei
667 2455 781 2496 facile
811 2462 975 2508 possent
1013 2457 1291 2505 accomodare3
1330 2468 1405 2496 nec
1434 2456 1647 2497 defuerunt
1678 2457 1716 2496 in
1756 2458 1840 2508 ipsa
1869 2456 2094 2496 Aristotelis
2123 2455 2258 2495 schola
2288 2455 2524 2509 philosophi,

204 2530 271 2581 qui
307 2530 346 2571 in
384 2530 449 2571 illa
489 2530 733 2572 mortalitatis
773 2531 958 2582 opinione
995 2531 1081 2571 istis
1119 2531 1234 2582 plane
1271 2529 1562 2578 consentirent3
1600 2536 1639 2571 at
1674 2530 1948 2571 dissenserunt
1978 2530 2025 2569 ab
2054 2529 2260 2581 Epicureis
2301 2529 2525 2582 philosophi

357 2726 385 2769 ¹)
415 2729 472 2762 111
489 2739 519 2761 v.
540 2723 728 2762 445—59.
755 2728 904 2763 668—7
912 2730 945 2762 7.
971 2729 1102 2762 Versus
1121 2730 1324 2772 posteriores
1346 2740 1394 2768 eo,
1422 2740 1487 2769 quo
1509 2740 1596 2761 nunc
1614 2729 1779 2769 leguntur,
1806 2728 1879 2760 loco
1895 2726 2029 2768 reliquis
2043 2726 2132 2759 male
2150 2726 2268 2759 intexti
2283 2726 2327 2759 ad
2341 2737 2523 2768 argumen—

353 2793 423 2821 tum
450 2792 613 2831 spectant,
640 2788 728 2830 quod
755 2789 942 2831 continetur
967 2789 1118 2822 versibus
1148 2788 1334 2824 758—70.
1386 2788 1467 2821 Mea
1494 2788 1655 2821 sententia
1682 2787 1836 2829 subiungi
1862 2786 1984 2818 debent
2009 2786 2118 2818 versui
2150 2783 2222 2819 766
2251 2783 2304 2827 (in
2331 2787 2410 2820 edit.
2437 2787 2524 2820 Ber·

355 2846 482 2890 nuys.).
511 2865 557 2870 —
587 2841 618 2889 ²)
648 2847 727 2881 vid.
758 2859 860 2891 supra
885 2860 918 2891 p.
950 2847 995 2883 10
1022 2850 1098 2883 adn.
1127 2848 1149 2883 3
1178 2856 1211 2883 et
1237 2844 1272 2882 4,
1301 2846 1409 2890 -«3)
1439 2846 1722 2882 Cf.Tiedemann.
1752 2845 1839 2888 syst.
1868 2845 1952 2888 phil.
1980 2844 2085 2879 Stoic.
2113 2845 2151 2880 11
2183 2841 2265 2881 147.
2293 2846 2416 2881 Zeller.
2446 2847 2470 2881 1.
2497 2847 2522 2882 1.

352 2907 410 2942 ΙΙΙ
438 2919 471 2951 p.
504 2907 587 2942 101.
641 2907 743 2942 Illam
777 2909 818 2942 de
853 2909 953 2942 animi
988 2910 1169 2944 mutatione
1203 2909 1393 2953 opinionem
1427 2907 1603 2941 Lucretius
1636 2907 1744 2949 tetigit
1770 2906 1808 2939 11
1834 2901 2022 2941 931—44.
2077 2905 2157 2939 Vid.
2187 2915 2294 2950 supra
2320 2916 2355 2950 p.
2388 2906 2444 2941 18.
2474 2924 2522 2931 -

351 2964 385 3010 ¹⁸)
421 2978 453 3001 v.
484 2967 671 3002 758—70.
708 2985 756 2992 —
792 2969 822 3011 5)
858 2970 928 3012 Ap.
956 2970 1163 3002 Lachmann.
1191 2979 1221 3002 v.
1252 2966 1436 3003 760—65.
1489 2968 1634 3000 Versum
1661 2973 1814 3008 quartum
1847 2976 1923 2999 cum
1958 2967 2166 3008 Bernaysius
2200 2967 2243 2999 ab
2278 2967 2521 3010 interpolatore

353 3029 502 3062 additum
528 3040 604 3062 esse
629 3030 809 3062 iudicasset
835 3029 914 3071 (vid.
943 3030 1049 3072 praef.
1077 3040 1110 3071 p.
1138 3029 1238 3070 VII),
1274 3030 1362 3061 iusta.
1385 3028 1657 3070 interpretatione
1683 3028 1839 3059 Lucretio
1866 3028 2045 3059 vindicavit
2071 3028 2289 3060 Purmannus
2315 3028 2351 3059 in
2375 3028 2521 3061 Amull-

352 3088 457 3121 Jahn.
484 3088 580 3123 1853
594 3101 628 3132 p.
652 3089 738 3122 665.
768 3090 866 3129 Quod
894 3091 948 3121 hic
976 3096 1063 3121 recte
1091 3090 1327 3121 animadvertit
1348 3089 1438 3129 loqui
1464 3094 1597 3130 poetam
1622 3088 1663 3119 de
1691 3097 1731 3119 ea
1756 3089 1950 3127 mutatione,
1976 3098 2077 3129 quam
2097 3088 2258 3120 animalia
2278 3098 2339 3119 suo
2364 3086 2522 3130 quodque

351 3148 390 3180 in
417 3159 562 3191 corpore
590 3149 701 3181 subire
727 3155 935 3189 cogerentur,
961 3150 995 3180 id
1020 3159 1087 3180 non
1115 3149 1280 3189 reputavit
1308 3146 1493 3180 Goebelius
1523 3146 1727 3186 (Observatt.
1754 3147 1902 3179 Luerett.
1930 3158 1963 3189 p.
1980 3146 2058 3188 31),
2084 3148 2140 3189 qui
2167 3157 2301 3180 versum
2329 3146 2426 3178 illum
2453 3147 2520 3179 hoc

348 3207 427 3240 loco
452 3208 689 3250 expellendum
717 3210 845 3250 putavit
872 3215 904 3240 et
931 3208 1169 3240 subiiciendum
1195 3209 1304 3240 versui
1334 3203 1418 3240 745.
1472 3206 1545 3239 Hoc
1572 3216 1650 3239 vero
1676 3207 1752 3239 loco
1780 3214 1880 3249 poeta.
1905 3207 2007 3239 aliam
2037 3207 2234 3240 sententium
2265 3207 2403 3248 premit,
2442 3216 2518 3239 cum

351 3265 510 3298 animalia
537 3276 596 3300 suo
623 3267 775 3309 quodque
803 3267 836 3298 in
863 3276 1002 3308 corpore
1030 3276 1090 3298 nec
1117 3266 1149 3298 in
1177 3266 1244 3298 alio
1271 3266 1420 3308 quolibet
1447 3265 1579 3298 innasci
1604 3264 1759 3298 affirmet.

2182 3333 2203 3366 5
