2744 3711
1259 214 1545 256 ..34-

236 343 386 386 acriter
413 342 667 397 mendicat,
691 355 775 386 nou
800 342 915 399 fugit.
950 342 1035 386 Sed
1062 344 1191 395 sensit
1215 350 1332 398 poet·
1360 344 1576 387 multorum
1604 344 1806 388 hominum
1824 344 1877 388 de
1893 345 2015 388 ammi
2041 351 2183 389 natura
2199 346 2560 400 philosophantium

236 418 460 461 ineunti-m
486 428 581 460 esse
606 429 773 471 vanam,
807 429 898 460 cum
927 418 1052 466 iidem
1076 420 1183 462 vitae
1210 421 1412 462 amm-is
1440 419 1572 463 affecti
1599 419 1650 461 ad
1678 420 1880 473 ntiqm
1904 419 2155 474 religionen:
2170 420 2331 464 reverti.
2353 429 2562 476 cog-ten·-

237 498 305 534 tur
333 490 390 547 ¹).
446 492 702 546 Quapropter
746 504 894 534 novam
938 492 1164 546 disputandi
1201 493 1307 534 viam
1340 493 1554 547 ingressus
1587 492 1766 535 occultas
1808 492 2029 535 forun'dihis'
2072 504 2253 536 m
2277 493 2481 550 indagavit
2514 498 2557 537 et

237 565 460 609 Acherusia
496 566 643 620 templa
680 567 722 610 iu
759 566 847 621 ipso
883 565 1087 609 hominum
1118 572 1283 621 pectore
1320 567 1449 620 posita
1476 579 1569 609 esse
1595 565 1784 609 ostendit.
1841 565 1927 608 lioc
1955 564 2164 609 consilium
2201 567 2288 621 ipae
2322 567 2563 623 sigmticevit

238 637 292 681 m
320 638 407 681 9⁷⁶
433 650 516 693 sq*
753 692 889 747 Atque
915 704 988 745 ea,
1017 692 1226 745 nimirum,
1253 705 1526 747 quaecumque
1554 692 1786 734 Acherunte
1813 693 2013 745 profundo

757 764 915 820 prodita
943 772 1037 808 sunt
1065 777 1180 818 esse,
1209 767 1248 808 in
1279 767 1360 808 vita
1388 772 1481 809 sunt
1509 765 1639 808 omnia
1668 765 1796 807 nobis

237 841 375 897 ltaque
402 853 484 883 non
512 852 585 882 eos
609 821 765 881 Tartari
791 844 972 880 terrores
1004 838 1205 893 depinxit,
1234 839 1372 892 quales
1399 839 1581 881 homines
1609 838 1811 893 tingebant
1840 844 1930 893 post
1959 839 2061 881 haac
2090 840 2209 882 vitam
2239 841 2314 883 sub
2343 847 2453 885 terra
2482 844 2561 885 im-

239 917 458 968 minentes,
497 915 569 957 sed
599 925 695 966 eos,
726 913 870 966 quibus
898 913 940 955 in
969 913 1055 966 ipsa
1083 913 1158 955 hac
1187 918 1295 955 terra
1325 913 1497 976 cruciari
1526 912 1626 955 vidit
1654 913 1871 955 viventium
1905 913 2108 955 hominum
2137 914 2292 957 animos
2319 917 2452 969 pravis
2482 930 2559 958 cu·-

236 989 464 1044 piditatibus
494 994 535 1032 et
560 988 668 1031 inani
696 1000 816 1042 opum
846 992 886 1029 et
915 987 1074 1042 gloriae
1103 986 1236 1029 studio
1266 973 1499 1029 occaecatos
1515 987 1574 1041 2),
1614 985 1749 1040 Atque
1777 986 1979 1029 hominum
2007 987 2102 1029 vitia
2131 1000 2400 1043 perversaque
2429 991 2558 1033 studia

236 1063 403 1118 castigat
431 1062 688 1105 severissime
715 1067 757 1104 et
785 1060 899 1114 quasi
915 1060 1082 1102 vulnera
1114 1060 1220 1101 vitae
1250 1061 1509 1114 conqueritur
1527 1066 1568 1101 et
1586 1059 1780 1114 deplorat.
1825 1060 1958 1103 Multis
1986 1061 2125 1115 eisque
2153 1063 2402 1116 gravissimis
2423 1065 2559 1106 verbis

236 1137 400 1191 exponit
427 1137 567 1180 aetatis
598 1148 695 1178 suae
724 1134 967 1177 calamitates
1007 1134 1095 1176 illas
1134 1134 1323 1176 maximas
1353 1148 1405 1176 ex
1435 1134 1582 1176 misero
1622 1134 1792 1187 partium
1830 1134 1961 1176 studio
1990 1130 2319 1189 singulorumque
2356 1137 2558 1179 hominum

236 1212 400 1253 avaritia
436 1210 585 1252 invidia
625 1209 839 1251 ambitione
878 1215 1039 1250 exortas
1063 1207 1123 1263 3).
1185 1208 1326 1249 Incidit
1365 1209 1470 1249 enim
1498 1208 1674 1248 Lucretii
1717 1208 1886 1261 pueritia
1916 1215 1956 1249 et
1993 1209 2257 1250 adolescentia
2292 1211 2332 1251 in
2361 1211 2427 1252 illa
2457 1217 2560 1252 tem-

236 1297 357 1339 pora,
397 1285 541 1338 quibus
571 1282 796 1324 discordiae
824 1282 962 1323 civiles
993 1284 1097 1322 inter
1125 1281 1293 1322 Marium
1323 1287 1363 1322 et
1390 1282 1535 1322 Sullam
1575 1281 1768 1322 conflatae
1797 1282 2078 1334 rempublicam
2115 1283 2341 1324 lacerarunt
2370 1290 2409 1325 et
2447 1285 2559 1326 labe-

235 1358 433 1400 lactarunt
443 1371 455 1407 ;
495 1356 594 1398 vidit
631 1355 698 1397 ille
737 1354 928 1397 nefariam
963 1354 1152 1397 Catilinae
1190 1356 1525 1405 coniurationem;
1570 1355 1668 1398 vidit
1705 1355 1876 1409 denique
1913 1357 2135 1409 principum
2175 1357 2377 1409 Caesaris,
2415 1359 2560 1410 Crassi,

235 1431 396 1484 Pompei
424 1431 653 1473 societatem
682 1429 975 1484 gravissimam.
1032 1428 1114 1470 luis
1152 1429 1277 1482 igitur
1314 1430 1556 1481 temporibus
1586 1429 1717 1470 omnia
1746 1428 1902 1470 vincula
1931 1434 1974 1471 et
2002 1429 2246 1482 reipublicae
2275 1437 2315 1472 et
2353 1432 2559 1486 religionis

235 1505 408 1546 relaxari
437 1510 578 1556 coepta
606 1509 715 1545 sunt.
762 1503 862 1544 Tum
892 1502 1005 1544 multi
1042 1502 1221 1544 homines
1252 1503 1357 1544 vitae
1400 1504 1575 1545 rationes
1617 1502 1666 1544 ad
1705 1515 1815 1544 suam
1854 1502 2056 1543 libidinem
2086 1504 2330 1545 constituere
2374 1517 2454 1546 non
2483 1506 2561 1546 du-

235 1579 432 1628 bitarunt,
461 1577 604 1630 partim
634 1576 683 1618 ad
712 1575 902 1628 rationes,
933 1588 1030 1628 quas
1068 1575 1381 1628 philosophando
1410 1577 1485 1629 ipsi
1513 1576 1752 1625 effecerant,
1790 1576 1875 1617 sive
1903 1578 2121 1619 honestatis
2159 1579 2244 1619 sive
2274 1578 2485 1630 voluptatis
2516 1591 2560 1619 se

235 1655 485 1701 coercentes,
498 1650 639 1704 partim
659 1649 918 1690 immoderate
938 1648 1497 1706 cupiditatibusindulgentes.
1527 1652 1712 1693 Neclicet
1731 1651 1916 1703 dubitari,
1935 1653 2028 1705 quin
2049 1658 2131 1695 tum
2144 1653 2481 1705 multiextiterint‚
2494 1654 2561 1706 qui

237 1737 327 1765 cum
364 1724 521 1777 antiqua
558 1723 753 1778 religione
795 1729 836 1763 et
864 1721 1107 1763 Acherontis
1151 1722 1363 1766 formidine
1401 1725 1552 1766 abiecta
1591 1724 1713 1765 futuri
1752 1725 1943 1777 temporis
1981 1737 2142 1767 sensum
2182 1732 2222 1768 et
2259 1727 2560 1769 immortalitatis

236 1796 432 1852 quoddam
462 1795 703 1839 desiderium
732 1795 993 1850 exstinguere
1032 1795 1072 1836 in
1102 1796 1244 1839 animis
1274 1810 1353 1839 non
1393 1799 1638 1851 potuissent,
1676 1811 1750 1840 suo
1789 1799 1956 1850 quisque
1986 1799 2103 1841 modo
2134 1800 2302 1841 nominis
2343 1800 2482 1841 samam
2513 1801 2559 1841 ad

234 1877 420 1926 posteros
459 1869 680 1913 transferre
716 1875 756 1912 et
792 1875 952 1910 aeterna
991 1868 1197 1911 hominum
1235 1872 1425 1913 memoria
1462 1878 1660 1914 aeternam
1700 1873 1818 1915 vitam
1857 1873 1933 1915 sibi
1976 1887 2119 1926 parare
2167 1873 2386 1915 studerent.
2446 1875 2560 1924 Quod

233 1947 437 1988 bominum
467 1945 639 1987 studium
664 1943 919 1998 reprehendit
948 1943 1184 1997 Lucretius,
1224 1946 1314 1998 quia
1343 1946 1521 1988 homines
1566 1947 1605 1987 in
1634 1946 1877 1998 acquirenda
1905 1947 2034 2001 gloria
2065 1948 2175 1988 malis
2205 1948 2261 1989 uti
2291 1948 2560 1997 artibusani-

233 2021 443 2063 madvertit
472 2026 512 2062 et
551 2020 769 2063 sententiae
808 2031 960 2061 memor
988 2019 1174 2071 Epicuri,
1212 2020 1278 2072 qui
1317 2032 1486 2061 coronas
1524 2033 1569 2060 ac
1599 2027 1747 2061 statuas
1776 2020 1951 2063 affectari
1981 2028 2164 2062 vetuerat
2178 2020 2243 2075 4).
2285 2020 2339 2061 111
2369 2021 2445 2061 75:

748 2093 954 2135 Intereunt
984 2094 1125 2144 partim
1155 2099 1374 2134 statuarum
1404 2100 1444 2134 et
1474 2093 1643 2134 nominis
1673 2106 1788 2148 ergo.

231 2167 311 2210 Sed
327 2167 434 2221 quod
452 2173 660 2220 tantopere
683 2166 878 2208 laboravit
900 2172 943 2208 ut
968 2165 1054 2207 aliis
1078 2166 1352 2219 persuaderet,
1373 2166 1412 2207 id
1432 2180 1483 2207 ne
1500 2167 1576 2207 sibi
1594 2167 1751 2219 quidem
1772 2168 1844 2220 ipsi
1870 2168 2066 2220 persuasit
2074 2180 2086 2216 ;
2111 2181 2200 2211 nam
2217 2167 2368 2208 altioris
2386 2168 2502 2208 animi
2520 2174 2559 2209 ct

232 2248 397 2284 naturae
416 2241 527 2294 quasi
545 2240 714 2294 quodam
731 2240 878 2292 impetu
904 2240 1093 2291 abreptus
1120 2240 1205 2292 ipse
1230 2252 1340 2292 spem
1361 2239 1517 2281 futurae
1537 2240 1777 2283 celebritatis
1805 2241 2009 2293 professus
2027 2248 2090 2282 est
2103 2241 2160 2295 5).
2222 2243 2356 2294 Atque
2379 2243 2560 2295 magistri

231 2315 369 2356 laudes
399 2322 581 2357 aeternas
612 2314 729 2355 tantis
760 2314 896 2354 verbis
925 2313 1082 2364 extulit,
1113 2319 1155 2353 ut
1185 2313 1279 2354 nihil
1310 2326 1433 2366 paene
1453 2314 1600 2354 distare
1633 2327 1654 2354 a
1675 2314 1819 2355 Stoicis
1851 2314 2044 2365 videatur,
2074 2316 2142 2366 qui
2173 2328 2261 2354 cum
2292 2315 2339 2355 ad
2371 2316 2558 2356 virtutem

231 2388 495 2431 exercendam
526 2400 651 2442 egere
680 2400 725 2429 se
754 2387 976 2429 animorum
1006 2385 1297 2428 immortalitate
1327 2398 1407 2427 non
1437 2391 1643 2438 putarent,
1686 2392 1815 2428 tamen
1845 2386 2035 2440 egregios
2065 2388 2175 2428 viros
2214 2400 2260 2427 ac
2288 2387 2488 2440 sapientes
2516 2386 2556 2426 in

230 2463 468 2504 daemonum
496 2462 562 2504 vel
590 2462 758 2503 heroum
795 2473 965 2503 numero
998 2460 1198 2502 collocare
1228 2472 1307 2501 non
1339 2459 1568 2501 dubitarunt
1595 2458 1651 2513 0).
1712 2459 1847 2512 ltaque
1877 2461 2013 2501 nescio
2043 2473 2091 2501 an
2131 2460 2220 2501 iure
2250 2460 2298 2501 ad
2328 2459 2556 2501 Lucretium

231 2549 389 2590 quoque
418 2536 542 2578 verba
569 2533 741 2577 referam
771 2533 975 2576 Ciceronis
1005 2533 1104 2575 haec
1133 2533 1300 2575 dicentis
1321 2532 1387 2585 ⁷):
1428 2533 1591 2584 „Quare
1618 2531 1711 2574 licet
1741 2532 1857 2574 etiam
1887 2532 2093 2574 mortalem
2124 2546 2215 2574 esse
2247 2533 2422 2574 animum
2449 2532 2556 2573 iudi-

231 2617 387 2653 cantem
416 2614 579 2652 aeterna
608 2608 741 2651 moliri
769 2621 849 2651 non
879 2607 1038 2663 gloriae
1057 2607 1288 2660 cupiditate,
1319 2619 1436 2661 quam
1466 2617 1659 2648 sensurus
1683 2618 1762 2647 non
1792 2606 1862 2657 sit,
1892 2605 1963 2647 sed
1982 2606 2159 2657 virtutis,
2190 2619 2305 2660 quam
2328 2606 2556 2647 necessario

230 2686 383 2741 gloria,
413 2685 531 2726 etiam
561 2684 596 2725 si
626 2689 669 2725 tu
698 2683 740 2724 id
768 2696 847 2724 non
879 2695 1001 2737 agas,
1041 2682 1350 2734 consequatur.“
1409 2681 1651 2732 Quamquam
1681 2679 1731 2720 (le
1763 2680 1910 2721 virtute
1938 2680 2033 2721 illud
2063 2681 2285 2734 speciosius
2316 2680 2464 2721 dictum
2493 2685 2555 2720 est

230 2772 345 2812 quam
373 2760 523 2800 verius.
560 2758 660 2799 Nam
688 2759 817 2799 virtus
846 2757 910 2797 illa
940 2756 1101 2798 tundata
1141 2757 1180 2796 in
1216 2755 1458 2804 rationibus,
1496 2766 1593 2806 quas
1624 2754 1792 2806 quisque
1822 2754 1870 2793 ad
1900 2765 2009 2793 suam
2050 2760 2229 2794 naturam
2270 2753 2384 2794 facile
2423 2758 2554 2793 muta-

229 2833 317 2884 hat,
352 2833 467 2886 vagis
507 2838 624 2885 atque
652 2831 816 2872 incertis
846 2836 886 2871 et
915 2841 1058 2870 carens
1104 2828 1379 2878 fundamento,
1418 2827 1523 2879 quod
1553 2827 1593 2866 in
1624 2827 1741 2866 animi
1771 2827 2073 2869 immortalitatis
2103 2834 2143 2869 et
2171 2827 2328 2869 suturae
2356 2826 2551 2868 felicitatis

229 2917 300 2958 spe
328 2905 531 2957 consistit,
575 2904 799 2944 firmissimo
829 2913 909 2942 non
946 2902 1073 2954 potuit
1104 2912 1186 2941 non
1226 2901 1434 2942 admodum
1473 2911 1612 2941 manca
1642 2912 1733 2942 esse
1771 2908 1889 2954 atque
1924 2900 2166 2953 imperfecta.
2226 2901 2390 2954 Utrique
2421 2905 2550 2941 autem

229 2978 449 3032 philosophi
479 2983 519 3019 et
537 2977 659 3019 Stoici
687 2981 727 3018 et
744 2975 948 3029 Epicurei,
979 2987 1068 3015 cum
1090 2974 1335 3015 omnimodo
1357 2979 1400 3015 ut
1419 2974 1536 3015 animi
1575 2973 1798 3015 libertatem
1819 2979 2091 3015 sustentarent
2111 2974 2348 3024 niterentur,
2380 2972 2553 3026 pessime

382 3146 412 3192 ¹)
440 3150 498 3184 111
518 3146 680 3184 41—59.
709 3165 756 3172 -
788 3147 818 3190 ²)
846 3149 903 3183 111
923 3148 1164 3183 976—1023.
1198 3143 1408 3182 1051—74.
1438 3163 1484 3171 —
1515 3146 1545 3190 ³)
1575 3159 1604 3181 v,
1625 3143 1787 3182 59—94.
1816 3147 1849 3180 V
1876 3143 2038 3181 45—49.
2072 3142 2282 3181 1115-34.
2313 3164 2359 3173 --
2386 3143 2417 3186 ⁴)
2446 3147 2550 3187 Diog.

379 3211 419 3243 L.
433 3211 478 3243 X.
500 3207 581 3243 149.
612 3226 659 3232 —
688 3209 716 3249 ⁵)
745 3208 965 3243 1921-35.
999 3226 1042 3232 ——
1071 3204 1102 3249 ⁰)
1132 3209 1187 3241 111
1214 3205 1346 3242 1—14.
1380 3204 1589 3242 toto—43.
1618 3207 1651 3241 V
1671 3207 1804 3242 1—55.
1832 3207 1884 3240 VI
1917 3205 2050 3241 1—35.
2079 3224 2125 3231 -
2155 3205 2184 3249 7)
2211 3206 2314 3241 Tusc.
2345 3206 2363 3240 1
2391 3205 2449 3247 38,
2478 3205 2539 3240 91.
